2384 4442
848 499 863 545 1
899 474 920 547 3

48 573 165 676 specie
190 585 318 649 umana
346 572 382 649 di
408 572 491 673 quel
519 574 582 649 che
611 574 661 649 sia
697 575 734 648 di
760 500 901 675 sapere73
931 576 970 649 in

48 679 133 779 qual
152 687 155 688 ⁷
171 678 293 775 giorno
326 676 416 748 della
456 677 540 749 luna
567 678 596 751 si
633 678 698 751 dee
729 678 902 751 celebrare
933 681 968 752 la

50 783 209 885 Pasqua,
230 808 265 852 se
286 780 455 853 conviene
474 780 620 853 recitare
638 780 665 853 il
683 781 836 869 rosario,
855 782 968 879 digiu-

49 912 156 972 nare,
183 884 339 980 mangiar
369 883 405 955 di
437 910 575 979 magra,
605 884 738 983 parlare
766 883 804 955 in
844 882 971 959 Chiesa
1056 920 1061 927 ⁸

48 988 90 1061 in
117 986 249 1074 latino,
281 1015 301 1059 ο
325 985 363 1057 in
393 988 695 1075 francese,orna1·
722 985 755 1058 le
782 1012 882 1062 mura
901 1014 971 1061 eon

48 1091 84 1163 le
115 1088 281 1186 imagini,
301 1089 376 1162 dire
395 1117 415 1161 ο
435 1089 600 1163 ascoltate
619 1090 653 1162 la
670 1116 781 1165 messa
809 1116 860 1162 ee.
883 1122 898 1158 a
923 1089 969 1163 In

53 1194 174 1291 primis
205 1192 301 1265 enim
329 1192 358 1263 si
389 1190 595 1291 Rousseauji
625 1208 872 1290 argumentum
897 1192 969 1267 vim

40 1298 229 1383 haberet,
268 1294 342 1367 dici
373 1296 478 1367 etiam
515 1310 660 1395 posset,
689 1313 728 1369 ut
757 1296 970 1369 animadver-

50 1398 93 1469 tit
125 1398 288 1495 Bergier:
312 1430 327 1467 a
346 1396 421 1471 Che
456 1398 552 1473 Gesia
574 1398 697 1473 Crista
726 1399 776 1471 sia
805 1400 966 1472 l’inviato

51 1501 97 1571 da
128 1498 216 1589 Dio,
245 1527 371 1573 ouvero
410 1500 632 1590 Maomettu,
667 1502 732 1575 che
771 1502 839 1601 egli
862 1502 911 1575 sia
939 1502 965 1575 i]

53 1603 187 1677 Messia
213 1620 380 1703 aspettato
409 1603 500 1699 dagli
527 1604 651 1692 Ebrei‚
682 1630 805 1679 osvero
835 1634 887 1679 un
905 1606 967 1679 im·

49 1722 187 1803 pastore
204 1736 214 1799 3
245 1706 310 1778 ehe
329 1706 355 1779 il
378 1705 558 1802 Vangelo‚
579 1736 600 1781 o
618 1707 827 1782 l’Ateorano
847 1709 895 1789 sia
914 1736 966 1781 un

48 1809 138 1880 libro
172 1809 319 1903 divino-3
353 1809 417 1881 che
450 1810 499 1882 sia
539 1812 735 1883 necessario
763 1838 853 1888 esser
888 1812 964 1886 bat·

48 1928 208 1999 tenuata,
236 1938 257 1985 ο
285 1912 498 2001 circoneiw,
529 1913 594 1985 che
624 1915 654 1986 si
684 1914 787 1987 creda
814 1940 869 1988 un
893 1914 967 1989 solo

50 2012 143 2102 Dio,
174 2014 242 2087 osi
261 2032 470 2088 ammettano
505 2014 650 2089 divinita
669 2016 881 2104 subalterne,
902 2018 968 2091 che

51 2117 201 2215 imperta
219 2116 284 2191 alla
297 2119 410 2218 specie
431 2119 586 2191 umana?
606 2120 637 2192 ll
655 2120 844 2217 medesimo
863 2146 969 2203 uoinu
1043 2193 1049 2214 Ι

48 2227 122 2317 pub
143 2248 254 2293 essere
273 2246 378 2294 senza
397 2220 613 2319 pregiudizio
639 2222 695 2295 de’
715 2224 863 2295 costumi
889 2221 969 2296 Cat·

48 2322 155 2403 toliuo
175 2346 195 2395 a
213 2322 339 2413 Roma,
360 2352 378 2397 e
402 2322 590 2397 Calvinista
609 2353 629 2397 a
650 2326 822 2413 Ginevra‚
849 2326 967 2400 Turno

47 2454 68 2496 a
102 2424 403 2524 Cnstantinopoli,
435 2426 479 2499 ed
503 2426 616 2499 Ebreo
639 2428 678 2499 in
711 2428 868 2515 Olanda,
888 2429 968 2501 Ido-

48 2528 137 2601 latra
163 2556 183 2601 a
213 2530 391 2617 Pechino,
421 2557 440 2601 e
476 2527 653 2603 Cristianu
679 2558 699 2602 a
729 2530 854 2626 Parigi
873 2587 882 2603 .
901 2588 909 2605 .
931 2588 966 2604 ..

52 2631 138 2703 Non
162 2646 261 2703 tocea
288 2661 308 2705 a
338 2634 399 2704 noi
426 2659 445 2703 a
473 2632 649 2729 giudicare
668 2688 678 2719 ‚
697 2632 905 2731 quali-sone
933 2634 967 2705 le

49 2734 160 2807 verita
189 2735 368 2807 essenziali
398 2736 463 2807 alla
494 2735 698 2831 Religione,
728 2734 824 2835 quoii
841 2735 873 2807 le
894 2736 968 2833 opi·

48 2837 152 2909 niani
181 2838 408 2911 indifferenti.
441 2838 550 2911 Tutto
578 2839 633 2911 cit>
662 2840 726 2912 ohe
754 2838 823 2911 Dio
853 2839 898 2909 ha
921 2838 967 2909 ri·

44 2940 159 3015 velato
188 2942 419 3013 eessenziale
437 2940 477 3013 in
504 2959 627 3040 questo
656 2968 776 3029 senso,
808 2941 871 3013 che
892 2968 966 3029 nun

44 3048 65 3113 ὲ
98 3043 168 3113 mai
197 3043 300 3119 lecito
328 3045 370 3116 ad
390 3044 517 3117 aleuno
547 3045 573 3115 il
599 3044 776 3141 rigettarlu
796 3073 817 3116 ο
845 3045 881 3115 di
900 3044 965 3115 du·

41 3146 181 3217 bitarne
197 3178 227 3219 a.
267 3147 378 3246 Atqui
419 3175 460 3219 ex
483 3137 697 3245 ‘Rousseauji
743 3149 964 3220 confessione

44 3248 293 3345 Evangelium‚
312 3250 350 3321 in
370 3277 441 3353 quo
461 3248 620 3345 dogmata
645 3251 849 3347 virginitatis
879 3252 963 3324 Bea-
1047 3302 1066 3331 ,-

43 3368 88 3422 tae
108 3350 259 3440 Mariae,
285 3353 647 3429 consubstantialitatis
660 3354 772 3427 Patris
792 3367 874 3427 'eum
893 3353 965 3425 filio
1024 3434 1030 3444 ⁶

46 3470 113 3529 ete.
145 3456 401 3546 continentur,
438 3472 488 3527 est
511 3457 635 3553 procul
664 3457 771 3530 dubio
797 3456 963 3527 divinitus

41 3556 246 3631 revelatum.
268 3558 398 3633 Caussa
426 3586 507 3654 erge
527 3559 623 3631 finita
653 3578 730 3635 est:
750 3560 884 3633 utinam
904 3559 963 3630 ali-

48 3661 193 3761 quando
225 3662 367 3735 finiatur
398 3690 501 3737 error.
