2384 4442
820 468 903 543 '103

52 568 326 643 communionem
337 594 357 641 a
368 565 515 641 Platone
535 568 809 644 commendatam
826 572 905 645 Lib.
923 570 956 647 5.

52 674 91 745 de
107 671 269 775 Repub.,
302 672 353 770 (1)
385 671 428 743 ad
453 673 679 769 posteriorem
701 700 781 747 vero
799 676 955 773 praxim,

53 802 146 873 quam
183 774 300 873 plures
335 802 352 845 e
387 774 560 847 veteribus
603 774 809 848 Patrierehis
847 776 958 850 secuti

53 894 129 979 sunt
151 878 203 975 (2)
221 934 231 965 ‚
267 894 301 949 et
319 876 444 949 nostris
462 877 557 951 hisee
577 877 790 977 temporibus
807 906 960 979 sequun-

51 996 101 1053 tur
118 979 384 1055 Mahumedani.

118 1189 152 1255 (r)
173 1184 265 1241 Stoici
294 1203 360 1241 cum
387 1182 506 1241 Platone
526 1196 554 1241 et
574 1184 707 1261 Spartani
726 1204 793 1243 enm
811 1186 961 1262 Lycurgo,

54 1278 80 1315 re
99 1258 201 1317 Solone
223 1278 349 1315 uxorum
368 1260 600 1317 communionem
623 1260 821 1326 admiserunt,
841 1281 961 1336 eamque

53 1334 136 1408 sophis
150 1334 303 1411 propriam
321 1334 508 1408 judicarunt,
529 1348 670 1410 qnatenus
689 1336 745 1392 hoc
760 1348 845 1412 pacto
863 1356 959 1393 omnes

53 1422 155 1481 patrum
173 1408 266 1465 instar
284 1430 366 1484 aequa
386 1410 521 1467 charitate
541 1408 670 1468 sobolem
690 1424 837 1482 amarent,
856 1424 885 1467 et
900 1430 963 1474 mu,-

53 1482 142 1539 lierum
162 1484 338 1561 zelotypiam
359 1486 500 1543 tollerent.

117 1564 152 1631 (2)
171 1560 253 1615 Deus
276 1580 329 1635 per
353 1560 466 1616 Nathan
487 1578 511 1616 2.
533 1564 640 1637 Regum
663 1578 705 1617 ια.
731 1560 836 1618 Davidi
867 1555 940 1617 dixit
953 1561 974 1612 :‘

57 1658 67 1686 ι
84 1634 153 1689 Dedi
171 1634 224 1690 tibi
247 1632 366 1692 domum
386 1634 495 1691 domini
515 1636 557 1691 tui
577 1649 606 1692 et
621 1656 724 1692 uxores
746 1635 855 1692 domini
872 1635 913 1692 tui
929 1635 960 1690 in

54 1708 108 1764 sinu
126 1721 190 1777 tno;
210 1720 241 1767 et
253 1707 275 1765 si
291 1728 380 1785 parva
393 1722 460 1766 sunt
471 1709 521 1766 ista
542 1709 671 1784 adiiciam
688 1709 740 1767 tibi
758 1711 851 1768 multo
870 1712 961 1786 majo·

55 1780 261 1860 ra».}1mmento
277 1804 308 1839 er
328 1804 345 1839 o
356 1784 845 1860 Buddeuslastisrteotogmorat.
860 1788 959 1842 Pam.

55 1860 134 1914 Artie.
151 1879 175 1916 a.
197 1859 291 1917 dicit«
306 1804 401 1915 {eum
420 1859 450 1914 in
466 1860 567 1917 sanctis
582 1860 695 1919 Veteris
711 1859 887 1917 Testamenti
902 1878 963 1915 non

53 1934 190 2007 probasse,
210 1934 265 1992 sed
285 1933 416 1991 tolerasse
436 1933 630 2011 polygamiam
648 1934 750 1993 initam
768 1956 804 2007 ex
827 1935 907 1993 bono
929 1932 961 1991 ie

53 2026 100 2079 ne,
117 2022 143 2068 et
162 2032 197 2068 ex
216 2008 290 2087 legis
310 2009 471 2086 ignorantia
485 2034 508 2065 a.

144 2215 177 2309 S.
201 2214 292 2306 344.
311 2210 468 2285 Priorem
485 2238 587 2311 porro
608 2210 824 2285 naturalibus
836 2211 960 2284 officiis

55 2314 182 2387 omnino
207 2340 407 2413 repugnare
435 2314 671 2387 Protestantes
697 2342 770 2386 nna
789 2340 872 2385 eum
893 2314 959 2386 Ca·

54 2415 174 2489 tholieis
192 2434 314 2516 aperte
333 2418 495 2489 fatentur.
514 2415 567 2489 Ex
584 2443 657 2487 una
671 2416 766 2487 enim
778 2433 875 2513 parte
898 2438 960 2487 na·

55 2520 159 2591 turalis
177 2519 399 2618 Polyandriae
426 2518 572 2591 effectus
592 2535 644 2589 est
664 2518 769 2615 prolis
790 2518 896 2589 relate
915 2518 960 2589 ed

56 2638 174 2717 patrem
206 2620 454 2708 incertitudo,
482 2646 559 2719 quae
585 2619 677 2689 viros
703 2618 747 2690 ad
773 2618 869 2689 iliam
894 2620 959 2691 rite

57 2723 262 2799 educandam
286 2716 421 2799 desides
451 2720 558 2814 saeit3
582 2748 626 2793 ex
653 2720 719 2792 alia
750 2746 833 2791 vero
864 2738 960 2816 parte

56 2830 256 2924 experientia
279 2856 343 2901 nos
363 2827 509 2912 edocet,
527 2823 635 2895 unius
652 2821 718 2928 viri
740 2848 866 2893 uxores
886 2821 961 2894 lon·

56 2953 89 3023 ge
107 2932 338 3005 soecnndiores
358 2956 430 3002 esse
447 2984 457 3017 ,
475 2952 580 3027 quam
599 2925 776 3025 plurium3
796 2924 959 3021 proinde·
1060 2963 1062 2969 ·

55 3058 114 3129 que
147 3051 284 3107 constat
314 3031 594 3117 evidentissime,
624 3027 872 3132 simultaneam,
892 3028 959 3100 Po·

56 3130 235 3229 lyandriam
263 3137 400 3209 duobus
431 3133 615 3233 potissimis
646 3130 856 3203 matrimonii
885 3130 963 3203 fini-

57 3234 113 3309 bus
130 3240 313 3326 adversarii
337 3241 402 3339 (ι).

123 3429 158 3495 (1)
178 3425 305 3481 Admisso
325 3420 490 3501 Polyviria,
510 3433 544 3477 ut
562 3419 684 3477 advertit
707 3418 798 3478 Divus
831 3418 957 3477 Thomas

59 3496 201 3556 Politicor.
224 3504 303 3556 Leet.
319 3500 344 3557 3.
361 3498 525 3574 contingere
546 3495 624 3552 sacile
639 3510 752 3571 posset,
768 3507 801 3549 ut
816 3493 962 3549 tiliacum

58 3572 175 3647 patribus
191 3575 443 3656 congrederentur5
457 3570 614 3631 nesciretur
626 3570 701 3628 enim
714 3572 860 3648 cujusnam
873 3580 965 3625 essent
