2384 4442
252 569 338 641 sorte
358 570 526 641 mandans
545 598 620 643 non
637 571 815 667 ignorans,
826 568 927 641 illum
945 569 1089 643 etiamin
1102 597 1140 642 re-

250 670 315 743 bus
344 671 413 743 suis
437 675 552 770 magni
572 675 741 745 momenti
764 673 972 752 dissolutum
990 702 1083 761 esse,
1102 674 1140 743 ni-

250 774 436 847 hilominus
449 776 498 848 ilh'
510 779 697 874 negocium
707 805 811 851 suum
828 778 1044 849 commiserit
1056 777 1142 849 Man·

249 878 336 951 dans
354 879 503 951 vicissim
522 882 724 954 indemnem
741 880 888 953 reddere
907 879 1011 953 debet
1025 879 1144 951 manda·

250 982 378 1056 tarium
389 1012 408 1054 a
419 986 613 1083 sumptibus
631 1013 695 1086 pro
714 985 921 1057 executione
931 983 1082 1055 mandati
1098 1010 1144 1054 ne·

250 1088 403 1161 cessariis
424 1144 434 1175 ,
458 1116 525 1161 nec
551 1117 625 1161 non
648 1118 668 1162 a
690 1088 861 1186 jacturis,
888 1115 968 1187 quae
990 1086 1113 1157 directe
1132 1113 1147 1154 a

249 1191 404 1263 mandati
422 1194 641 1290 susceptione
655 1192 739 1265 huic
759 1193 930 1265 obvenere
943 1246 953 1277 ,
964 1206 1147 1262 nontamen

249 1296 292 1368 ab
309 1296 372 1383 iis,
392 1324 477 1393 quas
504 1297 675 1369 indirecte
703 1323 821 1394 passus
844 1312 922 1381 est,
940 1294 997 1366 vel
1015 1320 1088 1392 quae
1108 1290 1148 1360 illi

251 1416 348 1473 extra
366 1399 471 1470 talem
491 1426 610 1473 casum
627 1400 846 1495 ingruebant.
867 1397 932 1470 Hic
944 1396 1053 1495 quaeri
1062 1394 1148 1481 solet,

248 1518 369 1575 utrum
385 1502 531 1597 negocio
551 1503 616 1575 tibi
639 1502 847 1588 commisso,
869 1517 904 1575 et
929 1500 1017 1599 quid
1035 1501 1148 1571 faceres
1172 1533 1173 1574 r

248 1606 392 1677 omnino
411 1605 555 1679 definito
571 1664 581 1695 ,
601 1605 733 1705 aliquid
754 1622 877 1678 contra
895 1605 1009 1675 facere
1025 1603 1147 1685 debeas,

250 1726 311 1781 aut
326 1708 419 1781 licite
433 1710 540 1808 possis
557 1710 693 1809 quoties
711 1708 923 1808 prosperius,
934 1723 969 1777 et
984 1734 1027 1778 ex
1043 1703 1148 1801 majori
1172 1705 1173 1766 ἶ

249 1812 445 1885 mandantis
464 1812 611 1888 utilitate
628 1840 683 1885 res
702 1829 869 1886 eventura
878 1809 1047 1882 videatur.
1062 1806 1146 1882 Com-

244 1915 414 1989 mittentis
434 1916 590 1989 animum
616 1915 867 1989 commissionis
885 1913 1010 2000 verba,
1028 1928 1062 1997 et
1082 1936 1147 2009 pro

246 2018 358 2115 priam
377 2020 616 2093 conditionem
626 2022 693 2094 hoc
713 2020 752 2090 in
772 2046 854 2091 casu
869 2014 1100 2089 mandatarius
1110 2029 1148 2084 at-

246 2136 342 2195 tante
362 2123 571 2219 perscrutari
592 2124 706 2197 debet.
729 2121 769 2193 Si
786 2120 955 2191 mandans
974 2118 1083 2192 facilis
1099 2142 1147 2188 na·

245 2241 332 2296 turae
347 2226 403 2315 sit,
420 2226 446 2299 si
464 2226 595 2325 aliquid
609 2226 647 2297 in
660 2224 823 2297 mandato
835 2224 1055 2321 relinquatur
1066 2246 1147 2292 man·

246 2328 367 2400 dotarii
386 2329 607 2428 prudentiae,
636 2328 809 2402 laudabile
828 2327 952 2426 procul
969 2325 1079 2398 dubio
1097 2321 1149 2394 erit

247 2432 396 2505 oblatam
414 2433 634 2505 occasionem
655 2432 804 2530 arripere
824 2424 1149 2531 prosperius,etuti·
1173 2423 1174 2480 ἶ

246 2535 313 2609 lius
332 2564 407 2609 rem
426 2536 569 2634 gerendi
581 2537 684 2607 etiam
700 2537 785 2607 citra
798 2534 1015 2605 mandatum.
1032 2529 1150 2603 Sinve·
1173 2565 1174 2572 ¹

248 2668 286 2713 ro
306 2642 474 2717 mandans
493 2640 536 2713 sit
559 2639 805 2724 inexorabilis,
824 2639 854 2711 si
878 2637 983 2710 verba
1010 2628 1150 2706 mandati

249 2746 391 2818 omnino
420 2744 622 2832 definitiva,
650 2743 679 2815 si
706 2739 939 2815 mandatarius
966 2733 1151 2810 mandantis

246 2848 390 2947 imperio
402 2848 511 2921 subsit
525 2847 676 2935 ,rectius
693 2845 815 2917 eritne
827 2842 1007 2916 tantillum
1023 2838 1151 2939 quiden

160 3010 166 3017 .
248 2978 267 3021 a
291 2952 452 3025 mandato
478 2952 682 3038 discedere,
709 2948 897 3047 praesertim
920 2946 948 3018 si
971 2944 1102 3017 utilitas
1119 2965 1152 3013 ex

248 3056 381 3130 diverso
408 3056 533 3154 agendi
559 3054 663 3129 modo
691 3068 901 3152 proventura
925 3048 1067 3123 nonsit
1092 3068 1152 3118 cer·

249 3177 388 3235 tissima.

353 3266 387 3361 §.
409 3263 492 3335 320.
512 3262 540 3335 F
543 3261 708 3357 idejussio
732 3274 782 3331 est
806 3272 1008 3331 contractus
1035 3250 1152 3327 benefi-

248 3398 310 3443 cus
324 3425 332 3455 ,
345 3395 415 3467 quo
428 3366 505 3464 quis
526 3366 628 3462 gratis
648 3363 820 3459 obligatur
837 3360 936 3433 alteri
954 3360 999 3430 ad
1018 3356 1152 3455 impleo⁴

248 3476 328 3547 dam
356 3499 435 3567 erga
459 3470 554 3541 hunc
580 3468 825 3564 obligationem
850 3491 870 3535 a
897 3463 1000 3536 tertio
1028 3476 1152 3533 contra-

249 3594 364 3667 ctam,
383 3577 412 3650 si
430 3576 518 3649 sorte
539 3574 661 3645 tertius
680 3570 837 3643 debitum
855 3593 959 3641 suum
983 3592 1060 3637 non
1081 3586 1154 3662 pre·
