2384 4442
885 425 930 496 31

62 557 103 600 re
132 553 199 625 per
225 526 386 612 furtum,
417 524 486 596 sive
515 551 578 623 per
602 522 758 625 rapinam
784 579 794 614 ‚
820 526 890 598 sive
921 554 984 626 per

60 631 232 727 iniustam
264 580 588 702 damnificationem.
623 627 735 703 Nemo
774 629 925 730 denique
964 659 984 702 a

62 733 242 808 moderata
259 731 315 803 sui
332 758 519 830 rerumque
539 759 681 805 suarum
698 747 816 806 contra
834 733 983 831 injustos

64 863 278 934 aggressores
298 833 501 908 defensione
519 835 771 935 impediendus.
797 835 982 932 Quomodo

61 956 183 1014 autem
201 938 339 1036 injuriae
353 953 388 1009 et
406 937 532 1010 darnna
544 967 585 1010 ex
597 939 716 1038 quavis
727 939 865 1011 lesione
885 940 983 1012 alteri

59 1043 159 1114 illata
183 1040 360 1140 pensanda
382 1041 483 1128 sint,
507 1069 548 1113 ac
575 1042 786 1130 sarcienda,
814 1043 981 1140 peculiari

61 1146 177 1243 capite
195 1145 286 1216 infra
313 1097 580 1240 indigitaliimus.

169 1247 302 1344 §.263
322 1246 430 1318 Nunc
447 1275 512 1344 pro
533 1246 640 1344 hujus
667 1245 756 1344 capit
757 1247 785 1320 is
743 1227 981 1322 tcoronide

59 1320 242 1422 aduertere
260 1349 752 1438 luhetcontraProtestantes‚
769 1350 984 1424 locutionem

59 1452 255 1551 quamlibet
277 1452 400 1552 (cujus
418 1452 561 1524 nomine
589 1406 815 1548 intelligimus
852 1453 986 1526 nedum

59 1557 169 1632 verba
185 1611 194 1642 ‚
213 1553 275 1628 sed
294 1555 397 1626 etiam
423 1555 629 1652 scripturam
651 1611 660 1643 ,
688 1571 821 1644 nutus,
842 1573 982 1652 gestus,

59 1657 247 1756 et'quaevis
265 1656 331 1729 alia
349 1657 446 1753 signa
456 1657 602 1730 internis
622 1659 729 1731 animi
747 1660 905 1734 sensibus
926 1689 983 1732 ex·

58 1760 235 1860 plicandis
253 1760 379 1832 idonea
396 1763 407 1858 )
432 1761 641 1833 contrariam
657 1762 832 1880 loquentis
849 1763 982 1850 menti,

58 1891 126 1936 scu
135 1863 359 1936 mendacium
344 1861 585 1979 quodlibet
559 1890 628 1936 sive
637 1865 871 1962 perniciosum
875 1819 983 1966 ‚quod

58 1967 120 2040 vel
139 1965 255 2038 Deo
244 1965 455 2062 mjuriosum
472 1963 539 2052 eit,
556 1965 612 2038 vel
630 1967 738 2038 alicui
752 1967 886 2040 homini
904 1994 981 2066 per·

59 2068 196 2142 niciem
212 2067 361 2156 inserat,
391 2067 462 2140 sire
487 2092 582 2140 mere
614 2069 831 2160 officiosum,
851 2087 911 2144 aut
928 2071 981 2174 jo·

61 2199 186 2244 oosum
201 2227 211 2259 ‚
229 2171 326 2271 quod
344 2170 449 2243 unice
467 2170 613 2270 proprie
632 2173 687 2246 vel
705 2174 824 2246 aliene
838 2169 980 2247 utilita-

63 2275 109 2344 tis
122 2311 137 2361 ‚·
149 2290 210 2349 aut
235 2272 419 2372 voluptatis
438 2300 540 2346 causa
557 2277 731 2374 profertur
747 2305 811 2365 ‚ex
830 2275 979 2350 naturali

65 2376 181 2448 officio
198 2376 359 2448 illicitum
378 2403 461 2450 esse.
481 2375 629 2450 Locutiti
649 2379 743 2453 enim
762 2381 804 2451 ab
825 2379 981 2453 Auctore

65 2496 200 2552 naturae
222 2478 422 2553 hominibus
441 2507 604 2554 concessa
624 2499 674 2554 est
693 2483 735 2564 ad
755 2483 821 2568 hoc
833 2539 842 2569 ,
855 2499 895 2554 ut
918 2483 983 2554 sibi

64 2584 110 2654 ad
129 2582 281 2654 invicem
297 2582 453 2656 internos
472 2582 579 2654 animi
595 2589 716 2656 sensus
735 2584 827 2670 loco,
840 2611 878 2656 ac
895 2601 982 2656 tem·

64 2711 151 2782 pore
181 2702 377 2783 opportuno
402 2685 710 2758 communicarent.
743 2685 814 2757 Sed
840 2687 982 2758 menda·
1022 2684 1026 2694 ’

67 2787 164 2858 cium
192 2788 360 2886 quodvis,
378 2805 419 2860 ut
437 2787 573 2884 liquet,
599 2788 690 2859 hanc
718 2787 911 2860 naturalem
929 2788 982 2860 in-

65 2890 283 2962 stitutionem
310 2893 440 2962 evertit.
466 2888 622 2985 Quodvis
650 2917 730 2986 ergo
759 2890 982 2964 mendacium

64 2993 216 3070 naturali
235 2995 351 3066 officio
370 2994 635 3120 adversamur
603 2996 635 3094 (ι
641 2997 672 3094 j.

142 3189 150 3254 (
157 3188 180 3254 ι)
194 3181 440 3270 Impudentissimc
450 3181 584 3238 nonnulli
592 3182 787 3248 contendunt,
797 3162 891 3241 Deum
902 3201 981 3240 men-

65 3257 152 3313 titum
167 3280 242 3328 csse,
253 3280 355 3344 pinno
376 3278 443 3316 cum
465 3263 585 3314 Genesis
601 3263 688 3314 tertio
710 3258 781 3315 dixit
796 3259 872 3314 Adae.
882 3259 982 3315 «Ecce

62 3332 159 3389 Adam
179 3332 260 3407 quasi
280 3354 354 3389 unus
373 3355 414 3390 ex·
429 3332 511 3388 nohis
531 3335 620 3390 factus
641 3347 730 3400 est»;
748 3353 771 3390 2.
793 3332 910 3418 quando
929 3333 981 3388 Jo-

65 3426 112 3462 nae
132 3408 284 3492 praecepit,
304 3421 336 3464 ut
351 3408 532 3484 predicaret:
549 3409 668 3466 «adhuc
689 3376 879 3494 qiiadraginta
899 3405 984 3478 dics,

65 3481 212 3540 ctNmive
242 3484 451 3539 subvertetur»
444 3482 563 3558 ›,quod
581 3483 697 3540 minime
718 3483 895 3541 verificatum
914 3479 981 3546 suit;

66 3559 92 3615 3.
114 3579 183 3616 eum
203 3580 257 3633 per
275 3559 376 3613 Isaiam
396 3526 469 3642 dlxii
487 3559 617 3614 Ezechiae
637 3563 705 3633 Reg.
727 3560 752 3629 4.
773 3579 796 3612 c
816 3577 858 3612 ιο.
881 3581 894 3608 ιι
919 3555 983 3612 Dis·

65 3655 144 3711 pone
172 3633 272 3689 domui
296 3646 374 3703 tuae,
397 3633 466 3708 quia
488 3632 617 3692 morieris
637 3647 665 3689 et
684 3653 743 3689 non
765 3631 893 3691 vivcsu:
913 3650 981 3689 cum
