2384 4442
821 474 891 551 117

19 562 79 615 tra
114 545 325 642 conjugium
349 546 538 646 quaerendi.
558 546 652 623 Cum
677 550 772 623 enim
789 550 868 627 istas
887 580 950 627 na·

15 664 111 719 tura
143 649 378 738 concesserit,
406 649 449 723 ad
486 651 554 723 hoc
592 669 634 724 ut
661 655 773 751 proles
812 657 954 731 facilius

17 767 241 848 procreetur
258 752 362 825 modo
383 755 606 827 convenienti
618 756 744 827 futurae
763 756 855 830 itlius
868 762 953 833 edu-

20 853 192 941 cationi,
220 882 451 955 quaecumque
480 857 534 929 vel
553 858 777 944 nullatenus,
803 862 858 932 rel
880 889 955 935 non

21 957 290 1028 convenienter
320 958 363 1029 ad
394 959 574 1057 praedictos
594 962 682 1033 fines
701 961 855 1034 ordinari
878 991 954 1061 pos·

22 1076 118 1131 sunt
146 1114 156 1146 ,
192 1061 411 1134 naturalibus
439 1064 561 1135 officiis
599 1064 780 1161 prohibitae
822 1067 956 1138 censeri

22 1164 181 1235 debent.
221 1162 433 1261 Hujusmodi
461 1183 578 1241 autem
609 1195 681 1240 esse
713 1193 833 1241 omnes
862 1168 956 1256 illas,

22 1294 111 1364 quae
145 1267 322 1339 hahent-ur
353 1286 448 1341 extra
490 1270 716 1367 coniugium,
737 1270 815 1341 satis
845 1272 958 1369 liquet

24 1398 69 1441 ex
94 1368 205 1441 dictis
224 1369 267 1441 de
289 1370 517 1445 Matrimonio
542 1376 627 1473 (ει3.
649 1375 733 1468 340.
753 1373 796 1443 ad
817 1377 851 1471 3.
873 1377 956 1473 349.

24 1468 228 1571 inclusive)
256 1529 263 1545 .

147 1578 184 1671 3.
215 1572 301 1669 354.
332 1574 376 1648 Et
403 1604 484 1649 sane
512 1594 552 1649 ut
573 1577 705 1678 aliquid
735 1578 779 1651 de
809 1577 978 1677 simplici'

24 1678 294 1765 fornicatione,
318 1680 443 1753 sende
466 1682 617 1754 naturali
639 1681 884 1755 commixtione
904 1709 957 1753 so·

26 1782 104 1854 luti
136 1807 220 1853 cum
248 1781 359 1853 soluta
387 1781 562 1871 dicamus,
596 1784 641 1857 de
667 1813 737 1884 qua
758 1785 869 1882 major
898 1811 959 1881 po·

26 1902 101 1958 test
124 1883 417 1973 essediificultas,
441 1886 630 1960 omittimus
649 1889 687 1959 in
698 1887 839 1985 primis,
863 1887 956 1986 quod

25 1988 248 2087 plerumque
291 1988 329 2059 in
363 1988 566 2086 hujusmodi
602 1990 846 2064 commixtione
884 2016 958 2061 non

26 2090 146 2189 prolis
176 2092 373 2185 generatio,
404 2110 439 2164 et
467 2092 627 2166 educatio
653 2093 871 2181 intenditur,
898 2092 960 2165 sed

27 2195 110 2266 sola
152 2193 305 2265 libidinis
345 2194 520 2293 expletio,
555 2197 705 2297 ideoque
744 2196 856 2292 agitur
876 2222 960 2267 con·

26 2316 84 2370 tra
128 2297 237 2367 finem
270 2324 289 2368 a
327 2313 451 2371 natura
491 2299 680 2373 intentumss
720 2299 791 2372 Sed
826 2298 960 2373 etiamsi

28 2399 257 2501 qnandoque
300 2399 422 2500 aliquis
467 2430 509 2473 ex
558 2403 789 2475 fornicatione
827 2400 961 2500 prolem

29 2519 209 2604 quaerat,
238 2529 313 2575 non
350 2520 466 2575 tamen
494 2504 570 2576 talis
598 2505 689 2577 actio
714 2560 723 2591 ,
753 2521 794 2576 ut
824 2505 960 2601 egregie

29 2605 284 2679 animadvertit
303 2604 414 2679 Divus
435 2605 587 2680 Thomas
607 2607 795 2708 Supplem.
818 2607 851 2677 3.
872 2633 961 2704 par·-

30 2708 251 2807 tis.·Quaest.
273 2707 333 2783 65.
360 2715 463 2783 artic.
496 2712 526 2783 3.
558 2715 595 2783 in
623 2734 725 2809 corp.
756 2706 851 2778 «Est
878 2733 963 2778 eon·

29 2812 188 2887 veniens
201 2812 244 2883 ad
262 2812 367 2910 prolis
385 2814 533 2900 bonurn,
545 2813 583 2884 in
603 2838 674 2911 quo
685 2837 759 2882 non
777 2808 892 2881 solum
908 2808 968 2879 in-.

30 2914 215 3011 telligitur
241 2916 347 3013 ipsius
377 2917 590 3014 procreati0,
620 2942 683 3013 per
713 2938 818 3012 quam
848 2911 963 3009 proles

31 3048 116 3093 esse
146 3018 291 3116 accipit,
319 3018 378 3091 sed
399 3021 502 3093 etiarn
522 3018 682 3091 educatio
706 3032 741 3089 et
762 3015 962 3101 instructio,

30 3150 103 3223 per
125 3148 233 3220 quam
251 3122 377 3220 accipit
395 3124 671 3208 nutrimentum,
691 3135 726 3191 et
744 3117 963 3217 disciplinam

31 3259 51 3301 a
82 3224 292 3324 parentibus
314 3282 321 3297 .
341 3283 349 3297 .
369 3284 376 3298 .
397 3283 404 3299 .
426 3225 520 3299 Cum
538 3243 656 3298 autem
677 3223 837 3295 educatio
857 3239 891 3293 et
910 3222 964 3293 in-

31 3327 191 3404 structio
210 3327 327 3426 prolia
339 3330 539 3427 parentibus
551 3330 588 3399 in
597 3328 743 3423 longum
755 3342 890 3423 tempus
902 3325 962 3395 de·

30 3438 218 3519 beantur,
242 3432 346 3528 exigit
365 3433 420 3505 lex
440 3449 598 3519 naturae,
619 3447 659 3503 ut
685 3446 782 3528 pater
801 3446 835 3501 et
854 3444 963 3497 mater

31 3541 70 3612 in
103 3536 256 3631 longum
284 3551 420 3635 tempus
448 3550 690 3610 commaneant
719 3564 752 3605 ἰ
778 3531 822 3603 ad
841 3529 963 3603 subve-
