2384 4442
289 431 341 522 tt

230 529 396 604 memoria
413 553 487 600 non
506 540 623 612 extat,
652 522 700 596 ita
717 521 847 620 ut‘jam
865 517 1055 594 dominum
1084 543 1156 592 non

231 632 385 724 habeat?
404 629 525 729 quovis
547 644 648 726 pacto
668 625 825 713 secluso,
849 623 1037 696 thesaurus
1058 637 1155 694 natu·

231 736 348 811 ralitet
367 749 418 806 est
436 729 627 804 inventoris
643 785 652 819 ,
671 728 753 830 quia
771 753 838 800 nec
857 752 935 825 pars
953 725 1064 800 fundi
1086 746 1158 818 est,
1180 731 1181 754 ³

230 866 301 913 nec
321 838 397 935 ejus
416 837 561 907 fructus.
1180 843 1181 864 t

337 941 371 1036 §.
393 938 477 1037 278.
496 935 661 1034 Denique
685 933 811 1032 partim
837 931 881 1005 ad
905 931 1072 1021 tertiam,
1100 962 1156 1008 seu

210 1075 214 1080 ²
233 1040 473 1114 industrialem
487 1039 634 1136 ,partim
653 1037 696 1110 ad
726 1051 903 1136 quartam,
922 1063 985 1110 seu
1012 1037 1158 1110 mixtam

236 1145 401 1231 classem,
417 1141 594 1241 pertinent
620 1139 755 1213 fructus
779 1165 921 1225 omnes,
941 1165 1030 1236 quos
1056 1139 1157 1213 indu·

232 1248 315 1320 stria
332 1262 449 1319 nostra
468 1273 487 1318 e
506 1246 610 1317 rebus
622 1241 747 1316 nostris
767 1240 907 1329 educit,
928 1240 1077 1315 edificia
1096 1243 1156 1316 im·
1180 1325 1181 1330 ἵ

178 1433 184 1442 1
233 1349 373 1423 mobilia
390 1349 429 1420 in
456 1347 575 1420 lundis
594 1345 721 1418 nostris
740 1373 758 1417 e
786 1343 905 1442 quavis
923 1345 1095 1433 materia,
1127 1363 1157 1418 et

234 1480 254 1524 a
273 1475 494 1551 quocumque
513 1465 736 1535 constructa,
756 1447 887 1520 semina
905 1445 943 1517 in
962 1442 1092 1520 iisdem
1109 1448 1155 1521 di·

234 1581 349 1651 spersa
365 1608 375 1640 ,
393 1552 547 1638 arbores,
565 1550 761 1650 plantasque
778 1549 830 1621 ibi
857 1548 998 1622 consitae
1017 1577 1061 1624 eo
1081 1550 1153 1650 ipso

233 1653 329 1754 quod
347 1653 479 1726 radices
498 1653 657 1750 egerint,
686 1670 720 1725 et
740 1667 942 1725 ornamenta
964 1652 1072 1724 rebus
1094 1681 1152 1726 no·

232 1757 312 1831 stris
328 1755 561 1829 immobilibus
580 1755 852 1854 inseparabiliter
862 1753 1021 1850 adjecta3
1042 1755 1093 1826 ita
1109 1773 1153 1828 ta·

233 1888 315 1933 men
334 1877 375 1934 ut
392 1860 421 1933 si
439 1886 504 1934 nos
522 1858 588 1958 ipsi
611 1858 701 1932 mola
719 1857 786 1930 fide
805 1857 936 1958 aliquid
963 1857 1096 1931 horum
1116 1888 1153 1932 ex

234 1964 347 2034 aliena
373 1961 515 2034 materia
533 1963 572 2033 in
602 1961 713 2034 fundo
732 1977 850 2034 nostro
881 1961 1081 2058 egerimus,
1108 1979 1153 2036 te·
1180 1961 1181 2024 l

233 2089 379 2138 neamus·
408 2063 558 2141 materiae
587 2063 729 2142 domino
754 2063 885 2142 damna
912 2063 1028 2136 omnia
1061 2091 1153 2137 corn·

233 2191 402 2263 pensare3
421 2167 513 2239 sicut
529 2166 664 2242 etiamsi
681 2165 766 2240 alter
784 2167 876 2240 bona
894 2165 961 2238 fide
982 2167 1020 2237 in
1040 2167 1153 2242 fund-o

234 2283 353 2340 nostro
373 2294 391 2340 e
411 2295 473 2340 sua
495 2268 638 2342 materia
656 2269 790 2365 egerit,
817 2285 851 2342 et
870 2296 933 2342 nos
960 2272 1152 2368 proportio
1180 2273 1181 2360 ξ

197 2380 201 2384 ’
232 2387 349 2442 natam
367 2369 459 2441 illius
478 2368 606 2444 damno
630 2371 815 2446 utilitatem
833 2371 1029 2447 sentiamus.
1064 2372 1152 2468 Qua
1180 2365 1181 2388 ³

231 2488 401 2570 postrema
425 2471 585 2544 doctrina
603 2474 721 2548 locum
744 2475 1007 2575 quoque'habet
1030 2474 1070 2547 in
1092 2477 1151 2572 hy-

230 2575 480 2676 pothesi,quod
499 2576 621 2649 tertius
641 2578 781 2676 quidam
797 2579 888 2650 bona
906 2576 961 2649 vel
971 2576 1063 2648 mala
1083 2579 1150 2650 fide

230 2679 407 2752 materiam
426 2679 575 2752 alienam
593 2679 704 2752 inscio
714 2679 769 2753 vel
788 2680 895 2752 invito
907 2680 1050 2752 domino
1062 2681 1150 2760 ,fun
1180 2687 1181 2770 l

231 2783 276 2855 do
295 2798 414 2854 nostro
425 2780 644 2880 applicaverit
661 2810 670 2876 3
690 2783 758 2854 imo
779 2783 910 2854 etiamsi
928 2810 993 2854 nos
1004 2783 1072 2882 ipsi
1090 2785 1150 2856 ho·
1180 2855 1181 2858 ,

130 2938 133 2944 ι
232 2913 278 2957 nc
304 2884 372 2958 fide
401 2883 706 2983 applicaverimus:
735 2886 902 2958 naturalis
934 2885 1028 2957 enim
1063 2888 1147 2958 ordo

228 2984 401 3085 posttssat,
419 3003 461 3059 ut
478 3012 582 3060 nemo
602 3013 684 3058 cum
707 2987 848 3067 alterius
867 2987 993 3060 damno
1018 2988 1079 3060 fiat
1099 2990 1147 3061 di-

228 3089 320 3173 tior,
344 3085 465 3160 saltem
482 3087 550 3160 nisi
576 3087 662 3160 alter
681 3089 797 3162 dolose
826 3090 959 3188 agendo
979 3089 1146 3164 damnum

230 3213 336 3267 suum
365 3188 530 3286 implicite
559 3191 718 3266 voluerit.
749 3193 880 3266 Eadem
913 3193 955 3264 de
987 3219 1092 3266 causa
1120 3195 1146 3265 si

228 3293 355 3392 plantae
384 3293 574 3387 praesertim
599 3295 810 3384 nobiliores,
846 3323 922 3396 quae
956 3295 1146 3368 difficulter

229 3395 481 3481 inveniuntur,
499 3396 760 3472 translationem
778 3399 981 3485 admittant,
1006 3415 1145 3472 natura·

229 3501 275 3597 lis
291 3497 430 3599 aequitas
447 3497 619 3596 postulat,
639 3519 680 3574 ut
699 3528 815 3574 earum
836 3500 977 3576 domino
1001 3501 1144 3599 (saltem

230 3603 370 3676 simale
396 3599 464 3675 fide
490 3600 548 3679 bic
575 3627 649 3676 non
679 3605 810 3703 egerit)
846 3603 1060 3680 concedatur
1088 3621 1142 3678 ees
