2384 4442
268 470 339 542 130

285 568 407 625 Maxima
430 568 553 625 debetur
568 588 662 645 puero
682 568 848 626 reverentia
871 568 903 625 Si
925 569 1001 655 quid
1181 639 1182 644 Ἰ

285 642 385 721 Turpe
400 665 504 721 paras,
526 665 578 701 nee
596 657 627 701 tu
650 645 735 731 pueri
751 658 959 731 contempseris
978 663 1091 702 annos:
1181 687 1182 690 ,

285 719 344 775 Sed
363 734 518 797 peccaturo
538 720 630 777 obstet
645 721 698 775 trbr
717 718 792 775 filius
810 721 910 774 iulans.

314 874 350 969 g
371 870 454 971 367.
475 870 532 943 Ad
550 871 748 943 secundum
764 899 845 944 vero
865 872 961 970 quod
980 872 1127 961 attinet,

213 989 308 1045 extra
335 1000 475 1047 omnem
500 974 724 1047 dubitationis
753 975 863 1046 aleam
880 975 1034 1072 positum
1053 994 1129 1061 est,

213 1077 394 1164 Parentes,
412 1077 473 1175 qui
490 1076 546 1149 vel
565 1078 609 1148 ob
629 1077 888 1164 infirmitatem,
907 1076 962 1148 vel
980 1078 1026 1148 oh
1045 1106 1131 1176 pau·

212 1197 406 1279 pertatem,
433 1180 488 1251 vel
507 1180 550 1251 ob
569 1179 784 1277 imperitiam
795 1180 1011 1252 educationis
1030 1182 1132 1252 oneri

217 1282 401 1355 subeundo
419 1282 498 1355 satis
517 1282 588 1381 apti
605 1309 679 1353 non
698 1299 794 1370 sunt,
811 1283 906 1356 licite
924 1310 1025 1379 posse
1043 1283 1133 1357 illud

215 1384 289 1459 aliis
302 1385 537 1472 committere,
557 1384 619 1484 qui
637 1385 753 1456 statim
770 1412 809 1457 ac
828 1385 1030 1481 hujusmodi
1043 1412 1133 1459 onus

216 1504 422 1588 acceptant,
454 1489 545 1559 fiunt
574 1487 692 1587 patriar
715 1488 890 1586 potestatis
919 1488 1132 1587 participes,
1181 1531 1182 1582 q

215 1606 249 1663 et
275 1592 411 1687 juribus
429 1590 472 1661 ah
491 1590 550 1661 illa
567 1591 851 1687 promanantibus
874 1618 953 1685 erga
974 1589 1134 1687 priorum
1181 1587 1182 1660 l

93 1738 96 1743 -
214 1693 339 1766 liberos
360 1694 535 1790 gaudent,
559 1692 648 1765 salva
666 1719 801 1791 semper
819 1718 978 1790 suprema
997 1717 1136 1764 eorum-

219 1797 300 1869 dem
325 1814 512 1895 parentum
537 1796 763 1893 inspectione.
791 1796 894 1869 Patet
911 1795 1041 1881 etiam,
1069 1795 1134 1868 idi·

217 1926 320 1997 psum
345 1900 440 1973 licite
464 1900 538 1971 fieri
558 1925 656 1998 posse
675 1926 695 1971 a
713 1898 915 1996 parentibus
931 1898 1037 1969 morti
1055 1926 1137 1995 pro-

216 2003 315 2074 ximis
334 2030 397 2099 pro
417 2020 569 2099 tempore
589 2017 737 2073 mortem
753 2003 860 2101 ipsam
880 2018 1133 2073 consecuturo:

218 2104 305 2201 quin
324 2104 394 2176 imo
413 2120 572 2201 parentes
591 2103 631 2173 in
657 2104 860 2201 hujusmodi
887 2130 1136 2201 personarum,
1181 2167 1182 2172 ,

219 2232 296 2303 quae
308 2221 440 2277 tutores
457 2204 526 2275 dici
546 2224 757 2293 sueverunt,
777 2207 947 2281 electione
975 2204 1136 2278 sedulam

219 2334 358 2404 operam
376 2308 538 2378 adhibere
560 2323 748 2397 tenentur,
776 2310 929 2409 itemque
956 2308 1052 2380 illam
1071 2309 1134 2381 sal·

218 2427 290 2482 tem
307 2412 482 2483 bonorum
509 2438 654 2483 suorum
672 2429 805 2511 partem
824 2412 942 2485 liberis
958 2410 1141 2509 relinque-

128 2518 134 2535 '
219 2540 283 2601 re,
311 2544 388 2614 quae
419 2513 592 2601 sufficiat,
623 2532 665 2586 ut
694 2515 738 2588 atl
755 2519 848 2586 ‘eum
874 2532 1000 2587 statum
1017 2540 1140 2611 perve-

220 2617 342 2707 niant,
363 2647 432 2720 quo
449 2616 668 2714 sibimetipsis
686 2618 825 2717 propria
853 2617 1024 2693 industria
1044 2642 1137 2689 com·
1181 2619 1182 2622 ’

224 2723 327 2797 mode
353 2721 485 2823 possint
503 2719 696 2817 providere.

139 2825 146 2831 ’
328 2828 362 2922 S
385 2826 468 2900 368.
488 2822 602 2895 Nemo
620 2823 774 2922 denique
792 2823 1026 2909 inficiabitur,
1041 2838 1140 2895 utro·
1181 2869 1182 2920 t

223 2956 291 3025 que
321 2946 464 3026 parente
500 2941 639 2998 mortuo
678 2926 753 2998 sine
786 2928 911 3000 tutoris
940 2926 1137 3011 electione,
1181 2923 1182 2976 l

224 3056 314 3101 onus
342 3029 556 3103 educationis
575 3028 619 3100 ad
636 3028 862 3126 proximiores
890 3038 1056 3125 agnatos,
1085 3028 1140 3099 vel

226 3149 388 3227 cognatos
408 3132 541 3208 devolvi
557 3161 567 3224 3
588 3132 687 3203 etita
706 3132 848 3231 quidem
866 3189 876 3220 ,
907 3148 949 3203 ut
970 3131 999 3202 si
1016 3158 1140 3228 paren-

224 3251 274 3306 tes
304 3234 395 3307 hona
424 3264 497 3308 non
523 3231 754 3333 reliquerint,
784 3264 826 3307 ex
852 3234 979 3333 quibus
1007 3233 1138 3332 possint

225 3338 432 3411 substentari
461 3336 610 3436 pupilli,
643 3365 717 3411 non
747 3337 860 3409 solum
888 3336 1138 3435 proximitatis,

158 3480 162 3485 ·
225 3440 285 3513 sed
306 3442 408 3513 etiam
424 3438 623 3513 divitiarum
641 3440 727 3511 ratio
746 3439 903 3511 habenda
922 3439 976 3511 sit.
989 3438 1138 3511 Necesse

227 3544 397 3643 siquidem
417 3548 492 3634 est,
511 3557 551 3613 ut
569 3540 693 3639 pupilli
711 3540 929 3615 educentur:
953 3569 1062 3641 quare
1082 3542 1141 3611 ali·
1181 3629 1182 3632 Ἴ
