2384 4442
311 428 333 503 6
516 420 524 445 i

232 435 324 620 reli,
343 555 410 603 nee
429 529 599 629 scriptura
616 529 742 602 chartae
771 526 936 624 adjicitur
956 526 1000 598 ad
1020 528 1152 601 alteru·

233 638 320 711 trins
340 650 525 720 ornatum,
552 632 614 703 sed
636 631 742 703 unice
769 646 937 730 tanquam
955 632 1153 728 subjecte,

233 768 297 815 seu
314 737 508 811 materia·
853 790 856 794 .
967 788 971 792 ,

338 843 372 937 §
394 841 478 911 281.
498 836 556 911 Ad
574 836 711 909 tertiam
739 864 881 935 qnoque
912 837 1158 910 accessionum

235 944 380 1019 classem
397 942 501 1037 vulgo
519 933 670 1013 refertu'r
684 941 921 1037 specificatio,
939 968 1018 1037 quae
1049 942 1160 1012 habe·

234 1066 319 1136 tur,
339 1070 421 1119 eum
439 1072 482 1118 ex
499 1044 641 1116 materia
660 1043 809 1142 quadam
824 1072 879 1115 res
898 1044 1051 1115 efficitur
1064 1044 1163 1129 *altess

234 1152 307 1225 rins
326 1148 477 1248 speciei,
496 1164 537 1219 ut
556 1175 599 1244 ex
616 1146 696 1217 lana
713 1146 835 1234 vestis,
855 1174 898 1218 ex
915 1145 1013 1241 ligno
1031 1148 1160 1235 navis,

236 1282 279 1327 ex
297 1279 466 1325 marmore
479 1267 601 1323 statua.
613 1250 723 1342 Porro
735 1250 869 1321 nemini
880 1248 1048 1337 dubium,
1066 1252 1159 1349 quin

234 1356 451 1455 specificator
469 1354 513 1425 sit
540 1353 702 1425 dominus
720 1380 819 1424 nevae
837 1352 986 1451 speciei,
1015 1354 1161 1451 quoties
1187 1387 1188 1452 ᾗ

235 1458 379 1531 materia
396 1456 452 1528 vel
469 1455 655 1553 ejusdem,
672 1455 729 1527 vel
751 1455 884 1527 nullius
903 1455 1017 1527 suerit.
1038 1456 1162 1529 Priori
1187 1497 1188 1504 κ

239 1560 335 1632 enim
354 1560 391 1630 in
410 1586 491 1631 casu
510 1556 661 1629 materiae
685 1558 903 1645 dominium,
928 1576 970 1630 ut
996 1560 1162 1631 observat

239 1662 503 1740 Pusiendorfius
536 1660 788 1755 continuatur3
817 1662 856 1733 in
885 1661 1042 1733 seeundo
1073 1675 1188 1734 vero'

236 1765 429 1864 aequiritur
446 1792 508 1862 per
535 1764 826 1861 occupationem,
858 1781 893 1836 et
911 1792 1001 1836 nova
1019 1766 1161 1854 forma,

238 1885 280 1943 ut
291 1870 454 1940 ¹observat
466 1866 928 1965 Lampredi‚qu0da1nn10d0
948 1870 1087 1940 fruetus
1111 1886 1162 1941 est

240 1999 351 2069 operae
370 1970 623 2069 mendicantis,
642 1970 789 2069 ideoque
809 1969 848 2040 in
868 1971 1024 2067 ejusdem
1044 1971 1162 2046 domi·

239 2074 309 2147 nin.
331 2074 532 2147 Generatim
568 2074 712 2171 insuper
740 2100 815 2144 non
838 2074 974 2145 admitti
1000 2102 1077 2146 non
1098 2104 1164 2173 po·

129 2170 131 2175 ¹
222 2174 310 2247 ¹test
328 2174 485 2256 doctrina
517 2174 630 2248 Grotii
647 2176 815 2248 tradentis
843 2176 922 2248 Lib.
947 2202 978 2249 2.
999 2178 1096 2278 Cap.
1132 2180 1188 2252 8»

239 2281 365 2376 §.19.;
385 2277 480 2375 quod
499 2304 581 2350 eum
598 2307 654 2352 res
673 2296 834 2351 constent
858 2279 1001 2351 materia
1024 2297 1063 2351 et
1081 2308 1164 2379 spe·

240 2381 294 2452 nie
313 2397 489 2479 tamquam
507 2382 576 2453 suis
595 2383 763 2481 partibus,
783 2383 812 2453 si
826 2383 932 2455 unius
944 2382 987 2453 sit
996 2386 1164 2472 materia,

239 2483 380 2557 alterius
401 2484 554 2582 species,
573 2514 627 2557 res
646 2486 849 2557 naturaliter
873 2486 1070 2558 eommunis
1101 2490 1166 2559 fiat

239 2614 304 2686 pro
321 2604 395 2660 rata
415 2589 490 2685 ejus
510 2590 632 2687 quanti
651 2589 929 2688 unumquodque
959 2607 1020 2661 est.
1042 2590 1166 2662 Idem·
1187 2599 1188 2622 ¹

239 2718 309 2789 que
339 2690 554 2778 dicendum,
579 2692 609 2762 si
626 2693 767 2763 materia
796 2694 922 2790 partim
950 2693 993 2763 sit
1019 2694 1188 2789 speeifi-3

241 2795 374 2883 cantia,
394 2795 516 2893 partim
537 2794 685 2867 alterius.
717 2795 790 2869 Ubi
809 2811 926 2867 antem
943 2822 997 2867 res
1015 2795 1067 2866 ita
1089 2798 1167 2869 sint
1187 2793 1188 2796 ¹

240 2914 466 2995 comparatae,
496 2914 536 2969 ut
566 2925 633 2969 nee
663 2897 737 2969 sine
756 2897 883 2970 damno
913 2898 1019 2970 dividi
1046 2955 1057 2985 ‚
1090 2928 1165 2973 nee

239 3013 444 3073 ‘communes
465 3028 536 3073 esse
555 2999 714 3099 possint,
736 3000 792 3071 vel
815 3002 988 3089 materia,
1019 3021 1062 3072 ac
1083 3031 1167 3101 spe·

238 3100 305 3171 ciei
324 3100 472 3175 dominis
492 3104 692 3175 communio
715 3102 915 3201 displiceat,
945 3104 1167 3206 plerumque

213 3230 336 3275 »novae
355 3206 483 3301 speciei
501 3208 696 3279 dominium
714 3206 941 3304 specificatori
969 3234 1055 3279 eum
1075 3209 1166 3282 Bar·

236 3307 397 3404 beyraeio
417 3308 690 3404 adjudicandum
711 3309 849 3381 videtur
867 3312 983 3383 refuso
1002 3316 1168 3386 materia

236 3410 380 3482 domino
400 3411 510 3508 pretio
535 3413 622 3511 (imo
640 3429 681 3483 ut
700 3411 841 3484 Hertius
861 3414 964 3485 doeet
982 3440 1038 3485 ex
1061 3416 1168 3490 Tiro·

238 3519 349 3587 masio
366 3514 521 3602 ,reddita
541 3517 568 3587 si
587 3516 750 3587 dominus
769 3542 808 3585 ea
827 3517 981 3613 indigeat
1004 3544 1045 3589 re
1068 3521 1188 3617 ejus-¹

238 3614 319 3688 dem
338 3618 493 3712 generis,
515 3636 548 3691 et
569 3618 705 3717 aequalis
724 3618 873 3719 pretii),
909 3620 991 3719 quia
1010 3628 1169 3699 materia
