2384 4442
305 499 324 570 7
351 577 386 670 §.
413 573 499 646 318.
522 573 730 672 Depositum
757 591 806 646 est
835 592 1035 647 contractus
1060 633 1069 663 ,
1094 605 1153 674 quo

249 709 304 754 res
331 678 443 751 aliena
468 677 507 747 in
535 677 728 749 custodiam
754 679 853 750 nobis
886 679 1046 750 traditur.
1076 679 1157 752 Hine

249 783 369 856 nullus
393 780 493 852 nobis
519 780 612 852 illius
636 781 686 853 rei
710 809 793 852 usus
814 783 1002 878 competit,
1024 783 1094 854 nisi
1113 811 1159 854 ex·

251 914 367 987 presse
386 883 441 956 vel
459 884 561 955 tacite
581 885 821 956 consentiente
849 885 1016 958 domino:
1037 914 1109 983 quo
1130 887 1160 956 in

252 1019 334 1063 casu
358 987 565 1061 commodati
588 1003 749 1060 naturam
772 988 896 1060 induit.
917 988 957 1060 Si
978 989 1086 1086 culpa
1107 1017 1161 1060 no·

251 1111 322 1167 stra
340 1091 535 1190 depositum
552 1089 608 1164 vel
626 1107 744 1188 pereat
757 1147 766 1177 ,
778 1091 833 1163 vel
851 1091 1003 1162 deterius
1024 1093 1100 1178 fiat,
1111 1093 1161 1163 da-

251 1223 378 1269 mnum
399 1223 420 1266 a
442 1194 541 1266 nobis
565 1193 849 1280 resarciendum,
873 1194 901 1264 si
919 1220 1000 1265 vero
1023 1221 1069 1266 ex
1089 1223 1161 1266 casu

252 1301 411 1386 fortuito,
423 1299 591 1370 damnum
610 1297 751 1371 domino
767 1297 952 1368 serendum
971 1325 1047 1368 esse
1068 1315 1162 1395 patet.

250 1403 296 1476 Et
312 1401 478 1500 quoniam
497 1401 692 1498 depositum
711 1416 835 1472 nostrae
855 1399 1022 1472 custodiae
1035 1429 1076 1472 ac
1091 1402 1165 1472 fidei

251 1505 492 1591 committitur,
509 1503 631 1576 eadem
645 1504 684 1576 iu
695 1504 754 1577 illo
767 1503 995 1575 custodiendo
1010 1522 1065 1574 est
1076 1505 1166 1576 adhi-

250 1608 365 1681 benda
381 1607 559 1701 diligentia
572 1663 581 1693 ‚
593 1635 699 1704 quam
710 1635 772 1704 pro
792 1605 948 1680 custodia
966 1634 1093 1678 rerum
1111 1636 1165 1680 no·

250 1728 399 1784 strarum
417 1710 630 1782 adhibemus.
649 1709 755 1804 Quod
774 1709 802 1780 si
820 1709 895 1782 talis
916 1710 1077 1811 custodia
1099 1713 1164 1782 sine

252 1815 446 1912 sumptibus
469 1814 588 1884 haberi
617 1829 794 1912 nequeat,
819 1812 997 1909 deponens
1024 1842 1091 1910 pro
1118 1843 1165 1886 ex·

249 1919 365 2017 pensis
384 1916 576 1990 satisfaciat.
596 1916 663 1988 Hic
682 1944 785 2016 porro
804 1916 1012 2013 disputatur:
1032 1944 1164 2004 1.,num
1188 1933 1189 1992 l

252 2021 478 2118 depositarius
498 2035 592 2091 ecrto
613 2019 750 2106 sciens,
774 2045 849 2090 rem
867 2019 959 2116 apud
979 2047 1015 2090 se
1036 2019 1164 2119 deposi-

253 2141 325 2194 tam
341 2151 412 2194 esse
433 2123 609 2209 furtivam,
623 2123 717 2194 illam
735 2122 914 2194 restituere
929 2139 1095 2194 teneatur
1113 2123 1165 2193 de·

250 2225 398 2324 ponenti
415 2225 507 2312 luri,
526 2226 581 2298 vel
600 2226 715 2323 potius
735 2225 875 2296 domino
887 2281 896 2311 ,
909 2252 991 2298 cum
1010 2227 1115 2298 ambo
1131 2227 1165 2296 il-

250 2330 320 2403 lam
337 2344 528 2426 reposcant.
547 2328 708 2400 Difficilis
728 2329 870 2426 quaestio
890 2357 897 2400 :
923 2355 1005 2398 nam
1026 2329 1055 2399 si
1075 2331 1164 2400 resti-

252 2449 327 2503 tuat
345 2431 558 2528 deponenti,
576 2432 662 2504 lurti
677 2431 933 2504 continuationi
943 2433 1055 2525 lave13
1069 2434 1100 2503 si
1111 2434 1165 2503 do·

250 2535 346 2607 mino
363 2591 372 2622 ,
391 2536 430 2606 fit
448 2534 556 2632 judex
575 2535 814 2609 controversiae
838 2534 911 2604 sine
936 2535 1164 2619 auctoritate,

249 2639 424 2738 fidemque
447 2638 631 2735 praestitam
655 2638 749 2710 l'allit.
775 2638 816 2710 In
846 2654 942 2709 tanta
969 2638 1165 2710 officiorum

250 2743 427 2814 collisione
442 2741 653 2839 probabilius
669 2741 805 2812 videtur
821 2739 859 2812 in
875 2740 1002 2814 actuali
1014 2757 1111 2813 statu
1124 2743 1166 2812 ci·

248 2846 324 2918 vilis
343 2844 513 2918 societatis
533 2871 608 2914 rem
628 2861 722 2916 certo
742 2844 902 2915 furtivam
921 2871 940 2915 a
957 2843 1166 2941 depositorio
1188 2885 1189 2936 3

251 2949 402 3019 dandam
426 2975 496 3019 esse
522 2946 768 3042 Magistratui,
788 2947 849 3044 qui
868 2947 1110 3020 auctoritative
1130 2950 1166 3019 il·

249 3050 318 3120 lam
337 3050 478 3121 domiuo
497 3050 664 3122 restituat.
684 3049 891 3146 Disputatur
906 3077 937 3122 2.
950 3076 1042 3122 num
1060 3053 1165 3151 depo·
1188 3059 1189 3078 ¹

249 3152 384 3222 sitarius
403 3151 496 3224 licite
515 3153 621 3251 possit
647 3153 712 3224 sibi
730 3152 925 3250 depositum
943 3181 1107 3250 arrogare
1131 3157 1163 3227 in
1188 3209 1189 3250 ;

249 3255 566 3351 compensationem
591 3256 643 3328 rei
670 3285 712 3328 ex
734 3258 887 3353 perfecta
910 3256 1126 3352 obligatione
1148 3287 1164 3328 a

248 3359 446 3456 deponente
470 3358 535 3429 sibi
559 3359 693 3432 debitae.
713 3359 1012 3454 Distinguendum
1031 3362 1093 3434 hic
1117 3391 1161 3432 ar·
1188 3365 1189 3426 l

248 3463 366 3534 bitror.
392 3457 432 3530 Si
456 3459 662 3559 deponentis
690 3462 846 3534 debitum
865 3481 943 3534 ante
964 3463 1164 3562 depositum
1188 3489 1189 3516 ¹

246 3579 465 3639 contractum
484 3581 535 3636 est
552 3571 561 3652 ',
582 3583 615 3636 et
635 3583 714 3638 ante
735 3565 930 3662 depositum
955 3568 1163 3642 solvendum
1188 3641 1189 3668 ,
