2384 4442
279 484 328 559 86

225 587 346 661 alienae
363 582 561 685 periculum
578 582 617 653 in
636 610 672 654 se
692 582 861 681 suscipit,
888 610 924 656 se
941 582 998 656 vel
1018 582 1143 679 gratis,

223 690 279 763 vel
296 716 360 787 pro
379 705 473 762 certa
491 684 652 758 mercede
673 685 858 781 obligando
877 687 921 759 ad
943 686 1037 757 illius
1068 713 1144 783 pre·

223 794 312 865 tium
330 790 535 865 solvendum
553 788 582 861 si
600 788 750 887 perierit.
780 789 831 863 Ut
857 806 975 860 autem
1004 816 1146 861 assecu-

221 896 310 971 ratio
336 892 550 967 mercenaria
568 891 613 963 sit
630 891 770 989 justitiae
789 893 977 964 conformis
995 891 1146 989 requiri·

219 1016 282 1073 ‚tur
305 998 443 1096 primo,
473 995 568 1095 quod
594 994 793 1092 periculum
818 994 997 1066 inmineat
1026 994 1146 1067 saltem

226 1101 449 1201 probabiliter
462 1155 471 1187 ‚
483 1099 538 1172 vel
557 1098 600 1169 ab
618 1114 769 1196 utroque
788 1097 966 1194 judicetur
984 1096 1145 1171 iuunine·

224 1232 263 1279 re
280 1260 289 1291 ‚
309 1204 356 1275 ita
374 1221 415 1276 ut
433 1202 485 1273 rei
504 1220 649 1275 eventus
675 1200 816 1299 utrique
844 1202 889 1272 sit
907 1201 1093 1287 incertus,
1113 1218 1145 1273 ct

224 1307 381 1381 secundo
400 1305 495 1405 quod
513 1330 647 1376 merces
665 1294 679 1371 s
703 1304 962 1401 proportionata
984 1303 1029 1375 sit
1057 1304 1145 1402 peri·

225 1410 332 1497 culo,
352 1426 387 1481 et
404 1406 512 1481 valori
530 1407 582 1479 rei
600 1423 816 1480 assecuratae.

330 1515 365 1609 S.
379 1512 464 1611 327.
484 1509 581 1605 Quid
599 1535 682 1581 vero
700 1509 893 1581 dicendum
910 1508 954 1581 de
974 1536 1087 1583 censu
1098 1510 1145 1583 vi·

226 1616 337 1691 talitio
353 1642 437 1702 ‚seu
458 1628 661 1698 contractu,
680 1640 751 1710 quo
769 1613 826 1710 jus
845 1612 973 1685 emitur
991 1641 1146 1687 annuam

226 1719 432 1816 pensionem
444 1718 492 1788 'ab
512 1716 578 1788 olio
599 1715 761 1811 exigendi
779 1715 946 1814 quamdiu
965 1716 1021 1788 vel
1038 1718 1145 1816 hujus
1181 1707 1187 1829 i

227 1821 282 1893 vel
302 1820 485 1919 emptoris,
504 1819 560 1891 vel
577 1818 672 1891 tertii
690 1819 873 1916 cujusdam
891 1820 1061 1892 naturalis
1080 1822 1146 1893 vita
1184 1837 1186 1888 t

226 1924 374 1997 durabit.
394 1924 459 1997 Hie
480 1922 583 1995 etiam
603 1939 801 1995 contractus
819 1922 933 2019 justus
953 1924 1034 2011 erit,
1046 1923 1145 1996 dum·

225 2028 330 2099 modo
349 2028 469 2099 annua
485 2024 607 2123 pensio
636 2052 699 2122 pro
726 2026 882 2123 quolibet
909 2027 1010 2099 sortis
1029 2045 1145 2100 cente·
1185 2057 1186 2076 t

227 2130 327 2201 nario
347 2158 366 2201 a
386 2155 510 2202 census
530 2128 726 2201 venditores
752 2129 916 2201 solvenda
938 2129 981 2201 sit
1003 2159 1147 2230 propor·
1185 2135 1186 2204 t

227 2232 359 2305 tionata
389 2233 500 2319 aetati,
527 2230 742 2317 valetudini,
773 2233 975 2331 caeterisque
996 2236 1147 2333 physicis

227 2334 494 2412 circumstantiis
513 2361 670 2431 persona
685 2390 695 2421 ,
712 2334 753 2405 in
772 2336 874 2433 cujus
894 2356 1000 2436 caput
1020 2366 1147 2412 census
1182 2269 1186 2426 i

225 2438 443 2534 imponitur,
463 2455 498 2509 et
516 2464 588 2510 sors
615 2437 715 2510 nullo
734 2466 893 2537 unquam
918 2457 1078 2540 tempore
1097 2471 1147 2515 re·
1184 2429 1185 2462 ¹

227 2542 299 2643 peti
316 2542 431 2639 possit.

332 2648 367 2741 §.
390 2646 477 2719 328.
509 2643 678 2744 Sequitur
703 2645 874 2733 lotharie,
912 2675 973 2720 scu
1009 2665 1146 2721 contra·
1183 2637 1184 2716 i

228 2764 330 2835 ctus,
350 2775 420 2846 quo
439 2748 556 2847 plures
575 2746 676 2819 dere
695 2749 738 2819 ab
756 2749 879 2821 iisdem
897 2769 1012 2851 empta
1039 2780 1146 2851 pecu·

229 2852 289 2923 nia
308 2851 493 2923 collectitia
511 2868 630 2948 postea
655 2868 746 2924 sorte
774 2853 963 2927 decernere
982 2856 1117 2928 debent
1137 2910 1144 2941 ‚
1182 2915 1183 2966 p

229 2954 289 3026 cui
307 2955 371 3026 soli
400 2982 439 3026 ea
469 2953 626 3027 cedenda
652 2954 704 3028 sit
732 2954 847 3054 Hujus
871 2976 1075 3033 contractus
1093 2962 1144 3033 lex

229 3057 407 3155 est‚quod
426 3074 497 3130 tota
516 3083 650 3128 summa
667 3061 827 3155 pecuniae
846 3062 1041 3136 collectitiae
1060 3064 1144 3136 ada·

229 3176 339 3257 quet,
368 3187 442 3231 non
472 3177 611 3257 superet
635 3163 760 3235 mercis
787 3164 938 3237 valorem
963 3196 1037 3239 una
1066 3193 1143 3239 cum
1181 3173 1182 3222 t

227 3261 391 3361 impensis
417 3261 460 3334 ad
490 3262 616 3335 ludum
643 3264 870 3356 necessariis,
901 3285 937 3341 et
962 3271 1144 3343 sortientes

228 3366 362 3437 nedum
381 3364 547 3463 aequalem
556 3383 667 3438 ratam
681 3370 898 3458 solvant,sed
917 3372 1023 3445 etiam
1035 3402 1143 3474 aequa·

230 3469 309 3541 liter
326 3468 417 3541 lucri
436 3468 530 3566 spei,
555 3485 589 3541 et
608 3471 798 3545 amissionis
824 3475 982 3572 periculo
1001 3478 1144 3550 subsint

228 3570 321 3645 Huic
350 3570 463 3645 affinis
495 3587 546 3644 est
575 3590 776 3650 contractus
799 3576 904 3675 vulgo
934 3578 1052 3653 dictus
1079 3586 1145 3656 olla
