2384 4442
833 517 878 590 77

46 613 127 681 erat,
145 620 213 666 non
233 546 367 666 videtur
388 594 493 677 licere
513 593 717 713 depositorio
740 594 934 692 depositum

44 701 73 769 in
90 724 156 770 rem
174 724 268 769 suam
288 716 489 770 convertere
508 698 618 797 ,quia
636 698 721 769 dum
739 698 935 794 depositum

44 802 240 899 acceptavit,
268 828 331 897 pro
360 802 545 899 deposito,
573 829 646 872 non
673 829 736 898 pro
763 801 934 871 solutione

43 906 162 1001 stipulat
163 932 202 975 us
221 904 311 995 fuit·
333 920 366 975 et
386 905 539 1003 quamvis
559 905 597 975 in
617 921 707 975 statu
730 904 879 974 naturali
896 904 936 974 li

43 1024 102 1078 ceat
119 1007 279 1105 privatam
296 1006 366 1078 vim
385 1008 547 1079 adhibere
568 1008 611 1077 ad
630 1005 768 1104 propria
782 1009 934 1104 perlecta

42 1112 132 1205 jurat
120 1110 269 1197 tuenda,
289 1138 361 1181 non
381 1128 497 1182 tamen
516 1111 599 1181 licet
618 1111 699 1182 dolo
719 1110 779 1181 uti.
797 1110 836 1180 Si
854 1137 936 1180 vero

42 1214 224 1310 deponentis
245 1168 402 1284 debitum
421 1215 488 1285 suit
507 1214 661 1311 deposito
681 1213 938 1309 posterius,ju-

41 1344 68 1385 re
86 1315 195 1389 saltem
214 1333 358 1387 externo
378 1328 450 1387 non
470 1318 642 1414 injustum
659 1316 723 1387 erit
740 1316 937 1413 depositum

41 1419 69 1488 in
97 1419 407 1537 compensationem
434 1420 497 1491 sibi
528 1447 714 1515 arrogare3
740 1420 800 1490 sed
827 1420 936 1490 hone·

42 1522 108 1593 stius
127 1524 188 1593 erit
212 1522 452 1594 intemeratam
480 1524 584 1594 fidem
606 1543 749 1595 servare.
771 1521 936 1620 Disputa-

41 1626 193 1698 tur3.ut
180 1642 276 1697 trum
299 1625 493 1723 depositum
511 1626 632 1725 quovis
654 1627 692 1697 in
719 1652 800 1697 casu
828 1626 934 1723 depo-

41 1729 122 1799 nenti
140 1710 330 1827 postulanti
356 1728 576 1801 reddendum
595 1731 648 1801 sit.
668 1728 712 1800 Et
731 1730 855 1800 merito
875 1757 935 1799 ne·

42 1848 132 1931 gutur.
152 1832 304 1927 Quando
338 1832 431 1904 enim
451 1832 622 1903 restitutio
642 1848 702 1903 aut
720 1832 936 1949 deponenti,

41 1950 87 2004 aut
114 1934 340 2033 depositorio,
369 1952 428 2006 aut
458 1935 531 2006 aliis
562 1936 755 2033 perniciosa
776 1935 820 2005 sit
836 1934 936 2033 ,ipse

40 2062 117 2108 uuor
151 2039 315 2125 socialis,
352 2039 413 2136 qui
442 2038 548 2135 hujus
579 2055 777 2110 contractus
811 1990 937 2109 ltinde-

39 2157 176 2213 mentum
192 2159 266 2228 est,
286 2142 436 2238 postulat
451 2158 491 2213 ut
506 2142 677 2213 restitutio
695 2141 934 2239 suspendatur.

41 2240 87 2313 Sic
104 2272 172 2315 non
190 2244 371 2315 restituam
390 2246 574 2342 pecuniam
593 2249 652 2316 aut
673 2245 825 2340 gladium
841 2245 951 2342 apuds

40 2369 83 2415 me
106 2347 298 2445 depositum
317 2347 451 2419 homini
478 2350 634 2435 furenti,
655 2366 689 2419 et
708 2348 870 2446 disposito
891 2348 934 2417 ad

38 2450 190 2521 utendum
208 2452 249 2522 iis
270 2451 373 2522 rebus
385 2450 423 2521 in
436 2452 489 2522 sui
499 2452 553 2522 vel
565 2452 713 2521 aliorum
730 2450 932 2547 pernicicm.

39 2548 99 2623 Nec
117 2552 237 2653 aliquis
257 2553 334 2650 jure
355 2554 480 2651 poterit
500 2582 518 2623 a
537 2580 592 2624 me
613 2553 808 2649 dopositum
833 2580 936 2623 suom

40 2654 185 2751 exigere,
213 2657 243 2729 si
271 2656 424 2743 domus,
451 2657 581 2755 inqua
609 2670 762 2726 servatur
790 2655 934 2725 fortuito

39 2758 147 2832 ardeat.

126 2866 159 2958 S.
183 2865 267 2963 319.
288 2862 500 2936 Mandatum
519 2877 570 2933 est
589 2876 786 2936 contractus
805 2861 935 2931 benefi-

39 2986 88 3032 cus
100 2994 195 3063 ,quo
215 2965 294 3065 quis
319 2983 390 3061 grat
393 2965 420 3035 is
378 2962 586 3036 talterius
611 2965 756 3060 negocia
781 2965 848 3036 hoc
876 2992 937 3063 po·
1011 2960 1015 2965 ⁸

38 3021 168 3140 stuldnte
198 3086 233 3140 et
262 3068 498 3140 committente
531 3068 673 3165 suscipit
709 3068 935 3166 expedienda.

38 3164 59 3235 F
63 3171 307 3244 undamentum
325 3171 431 3267 hujus
452 3188 650 3243 contractus
670 3188 720 3243 est
737 3174 934 3245 mandantis

960 1502 979 1537 0

37 3267 148 3345 fiducia
160 3276 202 3346 de
215 3274 420 3345 mandatarii
431 3274 554 3345 honest
541 3291 609 3345 tate
623 3292 656 3345 et
668 3276 825 3350 amicitia
839 3276 934 3371 Qua-

37 3396 67 3441 re
84 3402 211 3449 summa
231 3377 374 3476 perfidia
394 3393 444 3447 est
462 3378 628 3449 mandant
615 3395 685 3450 tem
704 3380 882 3479 decipere,
900 3395 936 3449 et

38 3479 258 3587 omnimodam
284 3480 497 3577 diligentiam
520 3509 593 3555 non
621 3500 789 3600 praestare
821 3481 935 3599 Culpa

38 3574 129 3670 igitur
156 3584 259 3655 etiam
284 3584 367 3657 levis
394 3584 640 3657 mandatorio
631 3603 848 3684 1mputatur,
867 3586 934 3657 nisi
