2384 4442
254 601 257 609 ·
343 577 377 671 §-
399 599 482 674 292.
507 571 611 646 Hisce
630 575 770 672 positis,
802 603 885 650 cum
899 578 957 680 jus
985 606 1094 652 suum
1118 583 1159 654 sit

236 678 431 777 unicuique
460 677 713 767 tribuendum,
739 705 794 752 res
821 681 985 780 quelibet
1017 683 1154 756 domino
1186 725 1187 776 p

238 810 302 854 suo
321 777 530 870 fructificet,
560 808 600 853 ae
620 779 771 880 denique
791 811 894 856 nemo
915 800 999 856 eum
1018 787 1155 859 alterius
1186 783 1187 808 ¹

237 886 365 958 damno
383 883 488 956 ditior
505 885 581 956 fieri
600 883 747 973 debeat,
766 887 880 983 palam
897 887 934 958 in
952 888 1077 986 primis
1097 891 1156 976 fit,

237 988 333 1088 quod
359 988 388 1060 si
406 988 521 1061 adhue
550 987 710 1084 integra,
737 989 792 1060 vel
811 991 936 1087 partim
963 991 1092 1063 existat
1110 1021 1158 1064 res

237 1093 370 1179 aliena,
396 1099 479 1166 tum
496 1092 622 1178 bonae,
650 1093 852 1167 summalae
876 1092 958 1164 fidei
984 1121 1156 1190 possessor

237 1191 362 1267 debeat
379 1193 531 1270 illumin
549 1192 734 1270 individuo.
750 1221 836 1268 cum
845 1195 1087 1285 naturalibus,
1108 1225 1160 1269 oa-

235 1298 388 1370 sualibus
405 1353 415 1384 ,
434 1314 470 1369 et
487 1296 628 1384 mixtis,
656 1323 734 1370 non
749 1325 829 1370 vero
849 1325 949 1370 mere¹
973 1299 1160 1373 iudustria-

233 1401 326 1473 libus
345 1401 518 1472 fructibus
537 1399 685 1481 domiuo,
700 1401 907 1489 restituere,
927 1419 1049 1473 exacta
1070 1429 1161 1474 eom·

235 1502 439 1601 pensatione
458 1529 527 1599 pro.
540 1501 716 1575 laboribus
733 1557 742 1590 ,
768 1519 802 1575 et
819 1503 983 1602 impensis
1003 1504 1048 1575 ad
1068 1505 1160 1577 illius

238 1605 419 1681 culturam.
441 1605 766 1692 conservationem,
796 1623 857 1679 aut
885 1607 1162 1685 meliorationem

241 1706 465 1795 necessariis,
485 1724 546 1778 aut
574 1707 738 1783 utilibus„
757 1707 825 1784 Sin.
851 1725 973 1781 autem·
994 1735 1084 1796 res,
1112 1711 1164 1782 vel

237 1811 371 1910 praefati
399 1812 535 1883 fruetus
565 1811 693 1908 quavis,
713 1809 756 1882 de
785 1839 887 1883 eausa
910 1838 985 1882 non
1014 1811 1161 1910 amplius
1186 1829 1187 1904 t

237 1915 385 1986 existant
405 1942 426 1986 a
443 1915 544 1985 bonae
569 1911 651 1984 fidei
669 1939 861 2011 possessore
888 1913 925 1984 id
944 1912 1163 1986 solummodo

238 2016 521 2103 restituendum,
550 2016 679 2115 inquo
708 2043 805 2088 exre
833 2016 946 2087 aliena
975 2015 1090 2087 faetus
1116 2033 1163 2088 est

238 2118 353 2190 ditior.
375 2118 423 2190 At
442 2145 616 2215 possessor
639 2117 736 2190 malae
755 2117 837 2190 fidei
863 2118 931 2192 sive
952 2145 1005 2190 res
1038 2135 1075 2190 et
1094 2120 1164 2190 fru·
1186 2143 1187 2192 t

239 2236 316 2293 ctus
336 2219 505 2307 existant,
525 2220 594 2292 sive
608 2247 702 2307 non„
719 2236 859 2291 tenetur
876 2221 1019 2318 insuper
1039 2220 1165 2292 damna
1186 2265 1187 2340 p

240 2322 358 2399 omnia
378 2349 627 2427 compensare,
652 2349 729 2420 quae
749 2322 891 2396 domino
912 2351 954 2395 er
973 2323 1025 2394 rei
1045 2351 1165 2396 earen·
1186 2341 1187 2366 ¹

242 2426 291 2513 tia
321 2425 518 2513 obvenere,
547 2425 634 2523 quia·
664 2425 838 2503 nimirum,
860 2427 927 2500 suit
958 2425 1105 2500 illorum
1134 2455 1166 2500 o-

240 2529 501 2607 mniumcausa
518 2527 666 2600 moralis.
1186 2555 1187 2566 ³

345 2635 379 2729 §-
402 2633 489 2732 293.
508 2631 566 2709 Ex,
578 2630 712 2704 traditis
731 2629 859 2727 regulis
878 2629 1028 2707 inferes:
1053 2659 1070 2704 1
1090 2635 1166 2721 ,bo-

241 2761 298 2808 nae
325 2735 409 2809 fidei
427 2759 681 2833 possessorem,
711 2734 773 2833 qui
792 2760 867 2806 rem
893 2734 991 2806 alteri
1022 2735 1187 2812 donavit}

241 2839 331 2913 alias.
353 2867 372 2911 e
402 2839 473 2910 suis
502 2864 581 2912 nou
601 2837 817 2925 donaturus,
844 2835 888 2938 af}
907 2838 1187 2914 restitutionem

239 2967 315 3013 non
336 2941 471 3028 teneri,
502 2940 584 3040 quia
604 2967 653 3018 ex,
676 2939 796 3014 alieno,
809 2940 927 3014 faetus.
948 2967 1023 3013 non
1044 2961 1101 3016 est
1119 2943 1165 3015 di·

238 3041 330 3128 tior,
348 3043 461 3114 teneri
480 3059 604 3122 autem
616 3041 645 3114 si
664 3041 777 3116 aliase
796 3042 942 3145 propriis
969 3043 1165 3118 donaturus

238 3159 314 3213 erat
340 3142 379 3213 in
405 3163 584 3243 quantum,
607 3145 686 3222 suis,
706 3145 818 3218 rebus.
841 3145 1022 3244 pepercit,
1059 3165 1166 3246 prout

238 3245 346 3320 etiam
372 3246 401 3316 si
430 3249 620 3326 occasione,
641 3248 727 3322 doni
753 3246 852 3325 aliud,
867 3249 1001 3325 donum
1029 3252 1166 3350 recepit

175 3398 178 3404 -
237 3377 305 3448 pro
324 3348 447 3446 majori
464 3351 519 3422 rel
535 3351 668 3432 minori
682 3352 788 3448 hujus
810 3351 1036 3429 aestimatioue
1057 3409 1066 3440 ,
1099 3353 1166 3426 nisi

240 3454 332 3526 forte
352 3452 439 3525 illud
459 3454 662 3552 expenderit
685 3455 737 3526 nil
755 3481 854 3528 secus
873 3453 916 3526 de
943 3456 1012 3527 suis
1034 3483 1165 3556 expen·
1186 3483 1187 3488 ¹

240 3583 354 3629 surus.
383 3558 515 3631 Inferes
537 3584 594 3646 2.,
621 3575 697 3632 tum
715 3558 925 3630 bonarum
953 3557 1053 3630 malae
1084 3559 1166 3632 fidei

239 3684 499 3754 possessorem,
529 3661 662 3762 quiex
697 3660 808 3736 aliena
838 3659 988 3760 pecunia
1018 3660 1171 3739 lucrum.
