2384 4442
229 528 676 642 aeonnolx
716 536 786 641 11.
834 420 905 497 ¹5³
969 484 973 496 ’

127 928 180 977 ΒΞ,
196 926 343 979 ΒΝΙΝΔΕ“
356 928 602 977 REVELATIONIS
621 929 878 979 Possnstttrm

351 1030 399 1081 AG.
415 1033 659 1083 NECESSITATE.

148 1540 179 1636 ὃ.
204 1567 236 1613 1.
255 1496 416 1613 Divina
443 1537 674 1614 Revelationis
693 1542 836 1615 nomine
855 1542 963 1614 intel-

50 1642 160 1737 ligitur
178 1644 410 1716 manifestatio
439 1643 633 1743 aliquarum
664 1646 848 1718 veritatum
875 1646 959 1717 divi·

50 1745 136 1817 nitus
159 1746 261 1819 facta.
294 1746 403 1819 Porro
424 1774 441 1819 c
461 1748 661 1819 veritatibus
679 1777 802 1847 ,quas
830 1746 961 1824 Catho-

51 1845 103 1918 lici
126 1848 256 1921 docent
283 1848 405 1921 divinit
392 1864 448 1923 tus
476 1851 676 1923 hominibus
699 1852 958 1938 manifestatas,

50 1950 258 2051 proindeque
270 1951 448 2040 revelatae,
460 1953 640 2025 nonnullae
658 1970 741 2025 sunt
760 1953 870 2023 etiam
881 1952 955 2024 solo

52 2054 189 2125 naturali
209 2055 345 2127 lumine
373 2056 652 2151 cognoscibiles,
682 2074 723 2128 ut
747 2055 954 2143 existentia,

54 2169 82 2223 et
98 2158 209 2229 unitas
230 2157 337 2256 ipsius
356 2156 447 2246 Dei,
467 2158 540 2229 aliae
570 2176 687 2230 autem
716 2159 877 2230 humanae
903 2186 955 2230 ra-

52 2254 144 2329 tionis
163 2278 307 2359 captum
330 2260 472 2333 omnino
504 2261 710 2348 excedunt,
737 2278 779 2334 ut
800 2261 955 2333 Sanctis-

54 2358 134 2431 simae
144 2362 345 2450 Trinitatis,
366 2382 400 2435 et
419 2364 672 2437 Incarnationis
690 2365 860 2461 mysteria.
879 2366 960 2437 Jam¹

54 2485 123 2535 vero
146 2466 256 2562 primi
271 2466 413 2564 generis
436 2466 621 2537 veritatum
650 2465 802 2537 divinam
830 2466 959 2538 revela-

53 2562 173 2639 tionem
203 2569 372 2641 inutilem
398 2595 470 2641 esse
503 2566 724 2639 contendunt
749 2568 960 2638 recentiores

54 2662 169 2741 Deistae
191 2672 371 2759 ‚secundi
400 2686 517 2743 autem
553 2667 688 2765 generis
717 2694 856 2763 prorsus
897 2668 959 2738 im-

53 2771 267 2863 possibilem
312 2773 384 2845 Nos
423 2789 545 2845 contra
580 2768 798 2842 revelationis
836 2767 960 2841 disinae

53 2872 225 2975 utriusque
254 2876 389 2971 generis
418 2875 504 2945 verit
491 2891 602 2945 tatum
636 2871 940 2970 possibilitatem
914 2900 959 2944 si·

52 2974 142 3063 mul,
172 2996 208 3051 et
234 2978 479 3050 necessitatem
499 2975 696 3049 brevissime
721 2975 958 3049 demonstrare

54 3090 246 3173 satagemus.

149 3184 182 3279 ὃ
206 3210 237 3255 2.
257 3180 318 3257 Aio
330 3184 450 3283 primo
470 3182 614 3281 quidem
638 3208 726 3253 cum·
737 3182 889 3256 humana
907 3212 962 3257 ra-

52 3277 94 3351 tio
112 3282 154 3355 sit
172 3286 360 3359 admodum
377 3286 543 3373 limitata,
563 3284 702 3356 divinus
720 3313 802 3358 vero
822 3288 966 3362 intelle*

53 3396 120 3455 etus
142 3415 281 3485 prorsus
308 3390 524 3476 illimitatus,
545 3404 585 3459 ct
603 3388 784 3477 infinitus,
804 3387 963 3460 dubitari

50 3488 201 3578 profecto
216 3519 290 3565 non
308 3508 445 3592 potest,
465 3444 552 3592 quin
579 3489 657 3565 Deo
681 3508 772 3638 not?
792 3490 863 3562 sint
879 3487 965 3587 plue

680 3620 700 3691 Ζ
754 3678 758 3685 .
