2384 4442
282 474 331 569 64

225 609 303 654 ecre
323 580 380 652 hic
395 636 406 667 ,
424 597 460 652 et
477 605 576 652 nunc
601 577 816 676 cogitemus,
844 579 931 677 quin
953 593 1075 653 tamen
1103 581 1151 651 al·

224 685 289 755 teri
319 683 504 780 explicite,
530 682 585 754 vel
612 682 776 780 implicite
804 681 918 754 ullum
948 683 1149 778 perlectum

221 787 279 882 jus
298 787 457 859 conferre
484 785 706 858 intendamus
725 785 762 858 id
791 785 929 858 anobis
958 784 1149 880 exigendi3

222 889 293 960 imo
312 915 379 960 nec
403 888 546 986 simplex
565 888 793 985 pollicitatio,
814 915 890 986 quae
909 887 1016 958 talem
1043 889 1149 960 eolla-

222 991 355 1063 tionem
372 992 460 1088 juris
479 1019 521 1063 ex
533 993 637 1090 ‘parte
657 991 835 1062 offerentis
852 991 1035 1088 ,importat
1058 992 1148 1089 quin

221 1111 340 1168 tamen
358 1095 401 1166 ab
423 1093 489 1166 alio
511 1111 739 1192 acceptetur,
760 1094 820 1166 sed
838 1092 1043 1190 pollicitatio
1071 1121 1149 1192 per-

221 1199 337 1284 fecta,
356 1225 434 1295 quaa
453 1196 584 1268 scilicet
605 1197 790 1294 explicite,
809 1195 863 1267 vel
882 1194 1049 1293 implicite
1070 1199 1149 1268 sue-

221 1299 268 1371 rit
286 1301 329 1371 ab
348 1299 414 1372 alio
434 1317 618 1398 acceptata.
639 1297 754 1397 Hujus
770 1325 873 1397 porro
892 1299 1056 1396 perlectae
1069 1327 1150 1397 pro·

219 1401 391 1473 missionis
410 1402 577 1474 naturalis
596 1403 745 1474 effectus
768 1401 981 1499 (dummodo
1001 1401 1148 1475 nullum

153 1527 156 1534 ·
218 1503 307 1574 desit
326 1531 345 1574 e
364 1503 537 1600 requisitis
560 1505 572 1602 (
584 1507 619 1600 3.
642 1504 749 1607 296.)
772 1503 956 1602 indicatis)
985 1521 1036 1575 est
1065 1533 1145 1602 per-

217 1606 309 1677 fecta
326 1606 558 1703 promittentis
577 1606 742 1702 obligatio
759 1607 909 1680 idemne
930 1607 1145 1681 adamussim

216 1707 425 1805 praestandi,
443 1708 539 1807 quod
557 1710 724 1807 promisit.
753 1708 845 1784 Talis
865 1709 959 1780 enim
981 1712 1143 1807 perlecta

218 1811 380 1908 obligatio
410 1812 661 1885 evidentissime
689 1813 760 1909 juri
778 1813 932 1910 perfeeto
960 1811 997 1882 in
1028 1813 1144 1886 alium

215 1916 380 2004 translato
398 1915 592 2014 respondet
613 1915 709 2010 Quid
732 1915 861 1988 verosi
887 1914 1068 2013 promissio
1089 1920 1141 1988 fa-

214 2033 272 2086 eta
289 2018 334 2089 sit
351 2019 396 2089 ob
415 2045 553 2090 causam
571 2035 734 2116 turpem,
754 2045 814 2090 seu
836 2046 921 2116 opus
940 2017 1140 2093 illicitum?
1183 2093 1184 2116 ,

215 2115 315 2188 Hanc
334 2137 414 2189 ante
434 2119 545 2190 illiciti
561 2122 672 2217 operis
693 2121 936 2192 executionem
947 2120 1140 2194 invalidum
1183 2125 1184 2144 ³

215 2245 287 2292 esse
305 2238 400 2318 petet
417 2250 459 2294 ex
478 2224 579 2294 dictis
604 2227 613 2320 l
627 2226 661 2319 3
683 2223 767 2322 296.
782 2225 792 2322 )
810 2280 817 2295 .
838 2225 921 2296 Post
939 2223 1055 2296 illiciti
1074 2255 1138 2298 au-

213 2339 285 2395 tem
304 2324 415 2421 operis
440 2327 682 2398 executionem
707 2326 931 2398 verosimilior
958 2331 1137 2400 sententia
1182 2373 1183 2432 ;

212 2425 349 2498 videtur
368 2455 410 2499 ex
439 2429 554 2500 officio
578 2457 672 2500 mere
703 2428 878 2516 naturali,
905 2445 939 2500 et
968 2433 1138 2527 praescin-

211 2528 366 2602 dendoa
392 2532 510 2631 quavis
532 2531 608 2627 lege
638 2531 782 2630 positiva
800 2532 993 2619 contraria,
1025 2534 1136 2606 fidem
1181 2569 1182 2580 ¹

211 2659 283 2704 esse
303 2635 530 2721 servandam,
548 2662 594 2705 nc
614 2652 738 2733 praeter
768 2635 933 2731 injuriam
952 2640 1138 2709 executori
1181 2649 1182 2693 i

209 2734 281 2829 jam
297 2736 426 2809 illatam
444 2738 487 2810 ad
503 2753 605 2835 turpe
625 2765 711 2835 opus
723 2738 822 2810 illum
840 2737 1046 2826 alliciend0,
1067 2741 1135 2812 alia

209 2836 324 2910 eidem
341 2841 511 2912 inferatur
529 2841 643 2937 ipsum
654 2840 884 2938 decipiend0,
904 2867 965 2912 seu
984 2844 1136 2938 promis·
1180 2857 1181 2874 ¹

208 2966 244 3009 sa
263 2943 422 3015 mercede
441 2943 643 3016 fraudando.
665 2944 716 3014 lta
738 2943 905 3030 Grotius,
933 2941 988 3016 De
1002 2945 1134 3042 Lugo,

208 3039 321 3111 Divus
342 3043 515 3133 Thomas,
534 3047 670 3144 aliique.

311 3145 345 3237 3
368 3145 450 3218 301.
470 3147 623 3220 Donatio
654 3149 845 3244 generatim
872 3165 924 3222 est
942 3150 1076 3238 libera,
1097 3171 1134 3224 et

207 3244 354 3340 gratuita
373 3248 424 3319 rei
441 3250 496 3321 vel
514 3251 601 3346 juris
620 3251 730 3322 nostri
749 3251 937 3324 alienabilis
961 3254 1000 3324 in
1020 3253 1132 3328 alium

206 3348 394 3421 translatio.
408 3351 549 3449 Triplex
568 3370 686 3426 autem
699 3355 944 3451 distinguitur:
964 3356 1019 3428 vel
1033 3358 1133 3430 enim

201 3451 387 3542 volumus,
405 3481 481 3525 rem
498 3456 572 3553 ipso
592 3456 788 3529 donationis
806 3476 984 3531 momento
1006 3461 1132 3545 evade-

202 3579 241 3629 te
261 3555 459 3647 donatarii,
477 3587 544 3632 nec
573 3587 640 3633 usu
660 3561 759 3631 nobis
790 3561 832 3631 ad
851 3577 987 3660 tempus
1017 3591 1132 3635 reser-

203 3669 280 3724 sato
297 3686 307 3747 3
328 3660 381 3730 vel
402 3660 581 3749 volumus,
602 3663 637 3732 id
657 3663 773 3760 ipsum
789 3663 908 3736 locum
938 3666 1070 3742 habere
1090 3668 1132 3740 in
1177 3689 1178 3700 ¹
