2384 4442
144 592 176 689 ὃ
199 589 281 667 305
311 590 368 665 Ad
386 609 551 664 mutuum
570 621 666 667 nunc
690 522 964 671 acoedenteitre

51 712 295 791 nuncupatum,
305 723 403 795 quasi
414 722 466 767 ex
484 722 563 769 meo
582 713 696 786 mum,
707 700 795 772 illud
813 728 886 773 esse
906 701 957 773 di·

53 797 154 867 cimus.
170 815 502 896 contractumtoquo
513 799 590 897 quis
602 826 677 870 rem
695 802 853 874 suam-sic
873 802 958 875 alte·

52 900 76 969 ri
93 898 204 987 tradit,
224 916 263 971 ut
282 900 402 973 statim.
415 901 621 999 accipientis.
639 904 779 1000 propria
796 905 855 975 fiat
874 931 959 977 cum

53 1028 150 1073 onere
170 1019 293 1100 postea
313 1003 473 1075 eamdem.
498 1030 571 1075 non
602 1005 642 1075 in
667 1003 863 1093 individuo,
894 1008 959 1079 sed

53 1104 156 1201 specie.
171 1120 205 1176 et
231 1105 390 1177 bonitate·
415 1105 585 1178 reddendi
604 1139 633 1180 ιι.
653 1105 743 1201 Quae
771 1109 957 1181 conventio

53 1205 202 1303 implicite
222 1207 346 1279 saltem
361 1208 565 1294 adhibetur,
596 1210 730 1306 quoties
755 1209 854 1281 alteri
873 1237 956 1282 cum

54 1309 273 1381 restitutionis.
286 1337 390 1382 onere
410 1310 485 1383 talis
504 1311 556 1381 rei
575 1339 659 1383 usus
679 1312 899 1397 conceditur,
920 1329 961 1383 ut

54 1410 103 1482 illo
120 1412 227 1511 posito
247 1412 456 1509 impossibile
476 1411 519 1485 sit
537 1440 614 1485 rem
632 1414 781 1487 eandem
806 1414 845 1485 in
869 1414 958 1485 indi·

57 1513 150 1586 viduo.
165 1514 367 1589 restituere..

142 1620 181 1713 §-
197 1616 285 1690 3065.
304 1616 356 1689 Ex
377 1616 442 1688 hac
469 1644 578 1713 porro·
600 1617 803 1690 definitione
832 1618 951 1716 sequi·

53 1735 113 1805 tur,
123 1717 317 1795 dominium
335 1718 386 1791 rei
403 1735 568 1789 mutuatae
588 1746 607 1790 a
625 1737 807 1793 mutuante
826 1720 865 1791 in
877 1746 955 1793 mu·

52 1820 223 1891 tuatarium
243 1820 404 1906 transire,
420 1818 485 1917 qui
493 1818 638 1917 proinde
658 1846 799 1892 omnem
817 1821 957 1918 culpam

52 1938 80 1992 et
96 1948 209 1995 eastun
227 1923 266 1995 in
287 1948 322 1993 se
350 1920 507 2018 suscipit,
526 1921 578 1993 ita
598 1938 638 1993 nt
656 1948 878 2020 quacumque
908 1949 951 1995 ex

53 2051 143 2095 causa
160 2052 214 2096 res
233 2040 379 2122 pereat,
405 2022 615 2095 mutuatario
635 2041 761 2121 pereat.
780 2024 860 2098 Jam
877 2051 965 2100 vero

51 2126 93 2197 nil
109 2127 211 2223 magis
237 2125 425 2198 naturali
415 2125 581 2221 justititiae
608 2124 827 2213 adversatur,
847 2152 955 2225 quam

52 2228 176 2304 lucrum
177 2228 347 2347 quodvis
365 2244 555 2329 utcumque
583 2245 706 2316 tenue,
730 2256 771 2301 ac
798 2229 957 2301 modera-

51 2347 117 2404 tum
133 2332 269 2429 exigere
290 2357 388 2405 exre
407 2356 481 2402 non
504 2358 575 2403 sua.
604 2328 743 2424 Quaevis
771 2358 852 2427 ergo
872 2358 956 2403 usu·

52 2460 95 2523 ra,
112 2462 185 2533 quae
205 2434 394 2512 definitum.
406 2465 422 2502 ιι
437 2432 586 2505 Exactio
597 2432 689 2504 lucri
718 2460 760 2503 ex
778 2450 903 2504 mutuo
923 2431 962 2504 vi

52 2537 152 2609 mutui
167 2535 588 2630 »..Nedum„evangel1eae-
599 2533 672 2629 legi
682 2534 794 2605 verbis
814 2534 881 2605 illis
899 2561 966 2607 ex·-

54 2665 180 2737 pressae:
197 2672 213 2710 ιι
234 2655 406 2714 mutuum¹
424 2636 509 2708 date
520 2635 611 2713 nihil
628 2634 718 2707 inde
731 2650 907 2732 sperantes
923 2664 960 2727 ις

56 2742 227 2815 sedetiam
249 2740 406 2815 naturali.
424 2739 564 2836 justitias
595 2737 738 2809 omnino
762 2762 961 2833 repugnans

62 2843 198 2919 dicenda
217 2863 269 2919 est
285 2840 481 2950 ,quidquid
510 2856 638 2916 contra,
656 2839 829 2912 blaterent
842 2839 970 2911 Proto·-

56 2961 193 3029 stantes.

147 3054 179 3147 ἓ.
202 3052 293 3149 307
306 3046 466 3121 Βίιιῖιιιιιι
485 3062 606 3118 tamen
625 3069 767 3117 usuram
794 3042 956 3117 consiste·

54 3177 85 3223 re
102 3154 137 3224 in
157 3153 335 3227 exactione
354 3150 446 3222 lueri
465 3176 507 3221 ex
524 3164 655 3221 mutuo
673 3147 706 3221 vi
723 3148 853 3235 mutui,
873 3148 957 3246 quia

55 3253 172 3353 aliquid
204 3256 296 3329 ultra
318 3270 447 3326 sortem
475 3251 611 3348 exigere
642 3250 890 3322 amutuatario
915 3277 959 3322 ex

54 3356 145 3429 titulo
174 3358 294 3431 damni
323 3355 544 3452 emergentis,
573 3353 665 3429 lucri
695 3354 872 3438 cessantis,
899 3350 956 3422 vet

55 3480 154 3558 poenae
167 3460 440 3535 conventionalis
452 3459 503 3531 ob
509 3457 722 3575 culpapilem
727 3452 957 3527 restitutionis

55 3587 178 3635 moram
195 3563 345 3637 naturali
362 3561 554 3662 profecto
545 3560 685 3657 ]ustitiae
711 3586 785 3631 non
803 3554 961 3629 adversa·¹

58 3677 117 3743 t.ur
58 3666 238 3743 tSicut
256 3667 350 3743 enim
368 3694 410 3743 ex
428 3692 500 3740 una
518 3676 614 3764 parte
635 3684 775 3762 aequum
792 3684 866 3731 non
885 3674 966 3750 est,
