2384 4442
477 542 485 555 .
833 452 906 552 Ι31

150 551 281 649 §378
295 550 333 622 Si
353 551 441 623 servi
459 558 662 626 mercenarii
680 567 893 657 temporanei
914 594 957 639 ex

53 654 243 725 infirmitate
263 654 317 724 vel
336 670 514 725 senectute
534 658 701 730 inhabiles
725 665 807 733 fiant
826 667 868 738 ad
888 696 956 739 ser·

52 756 236 843 siendum,
255 782 328 827 non
347 773 512 827 tenentur
531 759 674 858 quidem
691 762 822 835 domini
841 798 882 839 ex
901 772 956 866 ju·

52 858 135 930 stitia
161 859 359 930 mercedem
385 874 444 929 aut
482 860 645 933 alimenta
678 863 745 935 illis
775 887 956 963 prestare,

52 961 339 1057 quemadmodum
357 977 522 1032 tenentur
542 992 621 1060 erga
632 970 862 1042 mercenarios
882 998 957 1069 per-

51 1064 166 1159 petuos
183 1120 192 1150 ‚
211 1063 390 1159 multoque
410 1065 515 1159 magis
536 1093 616 1161 erga
636 1069 821 1145 obnoxios:
850 1074 958 1147 chari·

51 1182 94 1234 tas
123 1182 242 1237 tamen
270 1182 303 1237 et
331 1165 525 1237 humanitas
555 1168 677 1263 jubet,
706 1188 747 1243 ut
775 1172 833 1244 iis
856 1176 958 1249 ctiam

52 1268 158 1364 quoad
179 1268 255 1339 fieri
273 1285 385 1365 potest
404 1270 636 1344 subveniatur.

45 1409 51 1419 ·
146 1373 183 1465 §-
207 1373 290 1468 379.
312 1369 480 1464 Quaenam
499 1372 650 1471 denique
669 1374 714 1445 sit
736 1376 957 1452 dominorum

50 1488 189 1568 potestas
220 1472 259 1543 in
285 1474 476 1570 mancipia,
506 1476 631 1571 optimc
660 1477 857 1550 insinuatur
885 1485 958 1557 Ec·

51 1578 124 1645 der.
145 1576 206 1647 33.
230 1574 274 1648 V
267 1579 370 1647 ersic.
393 1576 449 1648 25.
462 1592 497 1647 et
513 1604 585 1677 seq.
602 1579 654 1648 his
674 1581 783 1651 verbis
796 1612 804 1654 :
817 1616 831 1649 a
856 1580 959 1655 Ciba-

50 1676 146 1763 ria‚et
162 1677 275 1772 virga,
294 1691 328 1747 et
341 1704 429 1748 onus
448 1678 564 1753 asino:
583 1682 736 1776 panis‚et
755 1682 956 1781 disciplina,

51 1795 180 1877 etopus
202 1782 307 1853 servo,
329 1778 503 1875 Operatur
522 1782 559 1852 in
579 1783 785 1881 disciplina,
810 1803 845 1857 et
863 1815 955 1885 quac.-

49 1882 87 1953 rit
103 1882 321 1981 requiescere
337 1911 346 1954 :
365 1882 440 1952 laxa
458 1910 581 1955 manus
593 1884 698 1970 illi,et
713 1889 836 1985 quaerit
854 1889 957 1961 liber-

50 2000 153 2057 tatem
176 1985 337 2080 Iugum,
367 1983 543 2056 et'lorum
562 2004 706 2059 curvant
733 1990 863 2063 collum
892 1990 957 2063 du·

49 2113 145 2175 rum,
175 2104 213 2159 et
247 2112 384 2158 servum
417 2086 588 2159 inclinant
627 2088 841 2187 operationes
876 2094 957 2167 assi·

49 2186 138 2259 duae.
159 2246 167 2261 .
187 2246 198 2263 .
220 2186 347 2263 Mine
367 2188 466 2261 illum
481 2190 519 2261 in
539 2193 775 2289 operationem
784 2222 828 2266 ne
848 2213 955 2269 vacet.

50 2289 86 2361 ln
106 2318 210 2389 opera
231 2291 400 2369 constitue
422 2317 502 2362 eum
518 2322 526 2365 :
545 2294 595 2365 sic
614 2296 708 2367 enim
728 2296 897 2369 condecet
916 2299 956 2369 il·

50 2390 124 2465 lum
144 2390 254 2487 Quod
274 2392 302 2463 si
320 2420 391 2463 non
405 2394 619 2481 obaudierit,
639 2424 744 2469 curva
756 2400 854 2471 illum
865 2423 958 2474 com·

51 2496 187 2591 pedibus
209 2550 217 2581 ‚
239 2511 272 2565 et
290 2522 363 2565 non
382 2496 568 2593 amplifices
588 2524 691 2593 super
721 2528 860 2572 omnem
884 2530 957 2576 oar·

50 2626 144 2673 nem:
162 2624 287 2670 verum
314 2598 387 2667 sine
407 2597 539 2693 judicio
568 2598 658 2668 nihil
676 2601 780 2671 facias
807 2629 955 2695 grave».

52 2698 208 2796 Quamvis
240 2722 320 2795 ergo
347 2698 517 2796 mancipia
543 2726 646 2796 supra
668 2699 756 2795 vires
787 2704 957 2797 gravanda

51 2828 116 2873 non
135 2804 226 2890 sint,
255 2801 387 2873 domini
407 2818 521 2873 tamen
547 2800 603 2896 jus
621 2802 750 2873 hahent
781 2830 900 2899 operas
918 2805 958 2877 in

51 2906 220 3003 propriam
247 2904 428 2975 utilitatem
456 2904 499 2975 ab
526 2903 566 2973 iis
594 2904 787 3000 exigendi,
822 2905 891 2977 imo
919 2906 958 2979 in

52 3008 205 3103 operibus
237 3006 490 3103 cujuscumque
525 3006 674 3093 robori,
705 3024 739 3078 et
780 3008 959 3105 capacitati

51 3108 311 3207 proportionatis
339 3108 540 3205 hujusmodi
577 3110 665 3180 servi
699 3128 781 3181 sunt
815 3112 958 3183 omnino

53 3213 252 3299 exercendi,
273 3240 324 3287 ne
338 3211 406 3283 otio
427 3227 602 3309 torpentes
620 3210 709 3283 vitiis
727 3212 931 3309 indulgeant
946 3245 957 3308 3

53 3330 83 3383 et
100 3314 254 3413 quamvis
275 3342 331 3385 eos
352 3312 532 3399 occidere,
551 3314 606 3385 vel
623 3314 661 3385 in
681 3342 738 3387 eos
758 3316 872 3401 saevire
886 3344 960 3390 nou

53 3412 163 3504 liceat,
185 3417 317 3513 gravius
342 3434 456 3488 tamen
477 3416 505 3486 si
523 3415 759 3516 delinquerint
776 3418 961 3516 puniendi,

53 3545 153 3615 quam
171 3521 396 3607 mercenarii,
426 3536 546 3591 contra
564 3548 651 3619 quos
670 3521 698 3591 si
717 3521 759 3593 ad
786 3520 963 3593 meliorem
