2384 4442
299 413 370 503 ¹24

238 514 339 585 ctiam
357 513 448 583 inter
483 529 660 585 certorum
681 511 851 606 graduum
878 515 1132 609 consanguineos

239 634 273 687 ct
291 616 412 686 adfines
430 642 555 713 magna
567 641 640 687 esse
658 613 745 686 solet
756 616 988 702 familiaritas,
1006 617 1133 715 ideoque

236 718 447 789 matrimonii
478 745 553 815 spes
585 719 781 787 [omentum
818 720 907 789 foret
942 719 987 790 ad
1016 719 1133 790 incesta.

237 820 330 893 Hinc
350 820 448 891 Deus
467 822 574 892 Levit.
600 820 656 891 18.
681 819 724 891 V
718 825 821 891 ersic.
843 820 877 892 6.
896 820 965 893 ait:
982 853 998 889 a
1032 821 1135 893 Omnis

238 924 342 995 homo
363 923 406 994 ad
425 922 617 1020 proximam
635 910 812 1016 sanguinis
828 924 882 993 sui
901 949 977 993 non
998 923 1137 1009 accedat,

238 1042 278 1097 ut
297 1025 426 1097 revelet
449 1023 703 1123 turpitudinem
721 1051 819 1095 suam
835 1056 871 1097 u.
899 1026 1069 1098 Proximae
1090 1053 1138 1096 au·

237 1145 310 1199 tem
327 1128 468 1199 nomino
489 1128 715 1225 sequentihus
733 1128 887 1200 versibus
906 1130 1051 1225 exponit
1066 1128 1140 1199 indi-

241 1231 339 1325 gitari
366 1230 498 1303 nedum
526 1246 670 1303 matrem
696 1246 731 1301 et
756 1257 932 1318 sororem,
963 1232 1026 1303 sed
1055 1231 1140 1302 etiam

240 1360 447 1422 novercam,
466 1358 623 1418 nurum,
652 1334 813 1419 amitam,
840 1335 955 1430 patrui
988 1352 1023 1406 et
1046 1333 1140 1404 fratris

241 1462 407 1524 uxorem,
435 1464 474 1508 ac
495 1434 646 1533 deniqne
674 1434 791 1506 uxoris
810 1436 941 1525 filiam,
973 1437 1028 1509 rel
1054 1436 1141 1508 filiam

241 1538 303 1609 sdii
322 1539 419 1635 ejus,
438 1555 498 1613 aut
516 1536 623 1609 filiam
640 1537 718 1609 filiae
736 1538 822 1634 ejus.

425 1834 427 1841 ,
497 1740 741 1820 carun
795 1742 894 1816 mu

245 1950 306 2022 De
325 1953 455 2023 Patria
478 1952 682 2036 Potestote,
704 1973 772 2022 nee
789 1973 861 2020 reon
880 1948 926 2020 de
944 1951 1142 2031 Parentum,

376 2069 411 2123 et
420 2052 640 2125 Liberorum
658 2050 786 2153 tffoiis
804 2052 1040 2127 naturalibus

347 2258 380 2351 S
411 2254 613 2329 attacum
632 2256 784 2329 filiorum
803 2257 965 2330 educatio
977 2283 1143 2357 ,quapo-

243 2356 399 2430 rentihus
423 2357 620 2445 incumbit,
649 2360 771 2457 perfici
797 2378 975 2458 nequeat,
1003 2362 1068 2432 nisi
1096 2388 1142 2457 pa

243 2480 358 2533 rentes
385 2462 575 2560 imperent,
611 2478 645 2533 et
676 2462 738 2534 filii
768 2464 1028 2561 obtemperent,
1060 2487 1144 2533 cum·

243 2594 310 2665 que
335 2566 531 2639 obedientia
550 2567 797 2663 frequenter
771 2594 845 2637 sme
866 2567 1050 2637 coactione
1071 2564 1144 2637 obti-

242 2670 320 2741 neri
348 2698 423 2743 non
452 2668 576 2769 possit,
605 2668 788 2739 dubitandi
816 2668 915 2740 loeus
944 2696 1021 2746 non
1049 2668 1143 2751 adest,

242 2774 329 2869 quin
360 2775 432 2873 ipsa
472 2788 595 2843 natura
632 2770 687 2866 jus
725 2772 926 2891 parentibus
966 2769 1144 2844 contuderit

243 2875 395 2948 filiorum
414 2876 565 2949 actiones
585 2873 688 2943 etiam
705 2902 767 2970 per
787 2876 1004 2951 coactionem
1022 2877 1052 2947 si
1072 2897 1144 2987 opus

139 2984 142 2987 ’
243 2978 350 3047 suerit
376 2976 562 3075 dirigendi,
582 2973 706 3073 quod
695 3004 752 3073 Jns
771 2979 879 3074 patria
897 2995 1047 3075 potestas
1065 3004 1145 3049 nun·

247 3092 415 3176 cupatur,
451 3098 484 3153 et
515 3078 645 3166 oritur,
672 3095 713 3151 ut
742 3107 783 3151 ex
813 3080 914 3151 dictis
940 3098 1054 3179 patet,
1083 3104 1144 3151 nou

245 3206 288 3251 ex
314 3184 562 3279 occupatione,
589 3198 631 3252 ut
665 3182 826 3279 opinatur
856 3184 1071 3271 Hobbesius,
1089 3206 1144 3267 nec

247 3311 287 3355 ex
317 3282 444 3370 tacite,
474 3311 513 3355 ac
529 3286 750 3383 praesumpto
766 3304 951 3383 parentum
969 3305 1003 3357 et
1033 3287 1144 3358 libero·

245 3412 324 3459 rum
356 3412 556 3473 consensu,
597 3406 637 3460 ut
666 3389 847 3460 contendit
870 3389 1141 3462 Pusfendorfius:

251 3501 462 3586 [cortsensus
498 3488 613 3578 enim,
641 3510 681 3563 ut
707 3492 862 3563 observat
888 3492 1048 3581 Hertius,
1072 3517 1166 3591 pra-7
