2384 4442
874 457 922 532 85

54 572 95 627 ut
108 582 223 653 pauca
234 556 389 629 dicamus
401 556 444 628 de
458 557 692 630 contractibus
701 558 871 631 aleatoriis
889 588 974 633 eon·
1050 546 1058 552 ,

52 659 257 732 ventionern
275 658 540 758 importantibus
559 686 663 759 super
673 680 806 735 incerto
826 681 974 750 eventu,

53 789 125 862 quo
146 779 293 849 secuto,
323 790 416 835 unus
436 762 533 833 alteri
552 780 711 860 praestare
730 765 833 835 dehet
849 721 974 865 ,quod

54 882 271 937 conventum
289 866 402 941 suerit.
423 864 635 982 Huiusmodi
654 884 851 939 contractus
864 870 977 965 publi·

54 996 122 1055 ce,
153 984 187 1039 et
215 967 374 1066 privatim
403 968 528 1085 passim
547 969 789 1044 adhibentur.
818 971 888 1041 imo
915 972 976 1041 ali-

53 1070 254 1169 quando
228 1098 304 1143 sine
322 1070 363 1142 iis
381 1071 548 1165 negocia,
575 1072 630 1143 vel
649 1072 813 1160 nullum,
832 1072 887 1144 rel
909 1072 975 1145 dif-

54 1174 185 1245 iieilem
204 1173 335 1245 exitum
352 1174 528 1246 haberent.
550 1173 610 1245 Sic
630 1176 771 1273 quando
796 1175 912 1273 plures
930 1176 975 1248 ad

55 1276 239 1375 publicum
258 1276 413 1347 officium
440 1295 658 1349 concurrunt
683 1278 814 1349 meritis
833 1305 974 1375 prorsus

57 1379 227 1478 aequales,
257 1379 301 1450 ad
327 1379 513 1467 invidiam,
542 1396 576 1451 et
602 1380 747 1478 repulsae
773 1398 892 1452 notam
910 1381 975 1453 tol·
1009 1375 1011 1378 ⁵

55 1481 198 1572 leudam
217 1482 387 1579 optimum
406 1483 471 1554 erit
489 1482 696 1555 electionem
717 1484 800 1555 sorti
819 1484 975 1556 commit-

56 1604 156 1672 tere,
175 1612 252 1685 quae
271 1585 405 1657 tametsi
424 1585 563 1657 adversa
582 1587 736 1674 steterit,
758 1587 810 1658 nil
830 1587 973 1682 derogat

54 1688 211 1788 petitoris
241 1686 418 1783 dignitati.
445 1688 600 1786 Idipsum
627 1690 792 1787 prudenti
825 1690 972 1769 consilio
1017 1777 1031 1787 st

56 1793 300 1891 frequentatur
311 1846 322 1879 ,
334 1791 469 1891 quoties
488 1792 647 1863 facienda
663 1810 714 1864 est
724 1792 844 1865 divisio
866 1794 976 1864 bono·

57 1898 140 1967 rum¹
153 1894 373 1992 partitionem
389 1922 462 1966 non
482 1893 756 1983 admittentium,
769 1896 859 1967 sicut
870 1894 975 1967 etiam

58 1998 194 2096 quoties
212 2024 286 2069 non
305 1997 444 2096 expedit
463 2024 581 2070 omnes
601 2026 677 2070 reos
698 1998 872 2095 condigno
892 2026 975 2096 sup·

57 2100 163 2199 plieio
185 2102 347 2174 afficere:
376 2126 446 2199 quo
476 2101 514 2172 in
542 2126 624 2174 casu
655 2127 727 2175 sors
757 2102 890 2201 aliquos
920 2100 976 2187 vel

58 2204 221 2290 damnat,
233 2204 447 2276 velabsolvit.
461 2203 509 2277 At
522 2230 604 2277 vero
624 2205 765 2304 quando
774 2205 975 2307 queritur,

58 2333 148 2379 num
166 2306 255 2379 actio
274 2306 388 2424 aliqua
399 2308 577 2381 commissa
595 2308 701 2382 suerit
719 2336 786 2381 nee
805 2335 873 2393 ne,
885 2332 974 2379 num

58 2411 206 2482 honesta
224 2410 278 2483 vel
297 2410 428 2509 turpiS,
447 2438 535 2482 num
553 2411 671 2497 utilis,
690 2412 745 2483 vel
763 2410 975 2508 perniciosa,

57 2512 248 2585 ridiculum
268 2530 317 2585 est
336 2514 435 2585 sortis
464 2512 601 2610 judicio
628 2514 700 2585 uti:
731 2540 836 2612 quem
857 2529 976 2583 tamen

57 2641 191 2689 morem
204 2617 354 2687 barbarae
365 2616 524 2688 nationes
535 2616 578 2687 ad
590 2642 654 2687 nos
671 2614 754 2686 olim
769 2614 976 2700 attulerunt,

58 2736 100 2790 ut
127 2717 363 2817 experimenta
392 2718 504 2814 ignis,
532 2717 713 2791 candentis
740 2716 852 2801 ferri,
880 2715 978 2787 ebul-

57 2820 175 2893 lientis
195 2848 316 2920 aquae,
336 2838 418 2909 ete,
431 2838 465 2893 et
484 2820 670 2917 singularia
690 2818 878 2890 certamina
894 2817 978 2888 olim

55 2922 104 2995 ad
133 2924 337 3020 hujusmodi
374 2924 580 3023 questiones
607 2922 816 2994 dirimendas
846 2919 978 2991 adhibi-

59 3044 93 3098 ta
122 3043 324 3115 testantur,
363 3027 461 3129 quasi
498 3054 569 3099 sors
601 3027 738 3098 efficere
763 3041 900 3123 posset,
936 3039 977 3094 ut

60 3130 192 3247 aliquid
223 3146 359 3227 gestum
389 3130 508 3203 evadat
542 3156 616 3201 non
643 3144 820 3225 ·‚gestum
849 3125 905 3199 vel
934 3142 975 3197 ut

14 3228 16 3233 ’
58 3234 149 3305 aetio
173 3232 357 3307 inhonesta
394 3249 455 3305 aut
491 3232 710 3331 perniciosa,
746 3232 891 3304 honesta
915 3245 976 3301 aut

60 3336 156 3407 utilis
175 3337 243 3415 fiat.

165 3440 201 3535 §.
225 3437 311 3511 326.
336 3438 393 3512 Ad
412 3438 479 3511 hoc
500 3466 618 3536 genus
629 3456 873 3513 contractuum
897 3460 974 3533 per·
1034 3490 1037 3494 .

57 3541 148 3615 tinet
167 3542 400 3630 assecuratio,
420 3568 481 3615 seu
501 3558 718 3631 contractus,
738 3569 809 3641 quo
827 3539 905 3641 quis
924 3536 976 3610 rei

782 3668 806 3731 l
