2384 4442
288 408 357 485 166

223 515 439 591 sanctionem
447 507 610 583 omnihus
619 520 714 583 certo
723 506 1031 604 manifestandam
1045 509 1076 585 6.
1086 513 1140 585 de·

225 620 332 715 nique
360 613 405 687 ad
430 611 577 685 modum
602 610 857 699 indicandum,
884 640 956 711 quo
985 631 1138 711 peccator
1186 677 1187 680 ,

224 720 332 820 possit
350 742 434 791 cum
452 712 530 789 Deo
548 713 777 787 reconciliari.
799 713 890 787 Solis
904 715 1002 789 enim
1014 734 1136 792 natura
1186 799 1187 812 χ

224 824 356 895 viribus
387 818 511 918 nequit
544 819 649 891 homo
675 818 886 914 condignam
915 816 997 892 Deo
1021 821 1143 893 satisla·
1186 815 1187 824 ¹

227 926 382 1013 ctionem
409 922 648 1021 propeccatis
675 921 830 994 admissis
862 921 1087 1019 rependere,
1111 924 1147 995 il·

229 1027 375 1127 lurnquc
394 1025 458 1097 sibi
476 1024 712 1097 reconciliare.
747 1027 753 1039 ’

332 1130 448 1225 313.
469 1126 564 1223 Quid
583 1127 628 1199 ad
655 1125 981 1200 haecRousseauil:
1001 1158 1020 1197 a
1049 1126 1151 1201 Sela
1186 1169 1187 1226 j

229 1232 409 1328 Religionc
436 1229 592 1303 naturale
622 1236 641 1301 ὲ
668 1228 929 1317 insufficiente‚
958 1230 1015 1301 cio
1045 1258 1150 1303 nasce

229 1334 318 1409 dalle
339 1332 461 1431 grandi
488 1334 640 1405 oscuritit
657 1333 749 1405 nelle
778 1332 900 1428 grandi
921 1333 1054 1421 verita,
1087 1334 1152 1408 cho
1186 1349 1187 1408 3

230 1439 414 1533 c'insegnn
441 1436 559 1511 Toeca
584 1435 651 1509 alla
675 1435 882 1509 rivelazione
912 1434 1149 1533 d'insegnarci

230 1557 350 1639 queste
380 1538 489 1611 verita
519 1540 558 1609 in
588 1566 661 1611 una
693 1538 848 1611 maniera
882 1539 1045 1611 sensibile
1087 1540 1151 1611 alla

228 1660 346 1717 mente
366 1640 560 1714 dell'uomo
576 1697 586 1729 ,
605 1642 644 1713 di
661 1641 823 1715 adattarle
843 1641 909 1712 alla
931 1669 996 1714 sua
1015 1643 1151 1741 capaci-

228 1754 289 1834 tit,
317 1746 354 1817 di
380 1744 532 1840 fargliele
568 1772 754 1819 conoscere
792 1744 942 1817 allinche
973 1744 1007 1817 le
1037 1746 1153 1820 creda

230 1848 281 1921 La
306 1848 462 1945 migliore
486 1849 523 1921 di
549 1865 638 1922 tutte
664 1848 697 1919 le
725 1846 900 1943 Religioni
927 1854 946 1919 ὲ
973 1848 1153 1922 infallibit-

229 1969 347 2023 mente
359 1952 392 2023 la
404 1951 465 2049 piir
483 1952 599 2025 chiara
621 1953 748 2050 (Emit.
762 1950 861 2023 Tom.
883 1952 963 2051 ἄρ.
980 1953 1078 2050 138)
1105 1982 1121 2021 o
1143 2007 1154 2037 ,

230 2080 307 2149 quae
327 2055 431 2125 verba
449 2054 503 2126 his
522 2055 595 2125 aliis
616 2054 840 2153 aequivalent:
856 2084 871 2122 o
892 2054 990 2149 juxta
1020 2052 1154 2127 Catho-

229 2154 330 2239 licos,
350 2155 466 2225 divina
485 2156 647 2225 revelatio
668 2157 860 2228 necessaria
872 2173 924 2228 est
933 2156 975 2227 ad
983 2157 1156 2254 supplen-

229 2257 315 2327 dum
333 2254 506 2349 Religioni
524 2256 692 2329 naturali.
717 2258 848 2332 Divina
880 2287 960 2355 ergo
984 2258 1157 2333 revelatio

230 2384 467 2457 quascumque
496 2360 723 2433 obscuritates
750 2362 914 2460 dissipare
934 2360 1063 2437 dehet:
1090 2362 1156 2435 scd

229 2462 418 2549 revelatio,
448 2490 553 2560 quam
573 2462 746 2536 Catholici
773 2464 1048 2552 admittunt,has
1077 2492 1156 2538 non

230 2565 380 2664 dissipat.
401 2565 491 2661 Ergo
510 2594 584 2638 non
603 2584 655 2638 est
673 2567 745 2654 illa,
763 2596 833 2666 qua
849 2568 1048 2664 indigemus
1068 2599 1103 2643 n.

335 2672 371 2764 ὃ.
396 2672 451 2760 14.
484 2669 575 2741 Huic
609 2671 713 2742 etiam
744 2672 935 2769 objectioni
964 2674 1158 2769 respondet

232 2771 374 2866 Bergier
392 2771 513 2843 dicens
526 2798 534 2846 ε
547 2805 562 2841 «
585 2770 777 2861 Concedo,
805 2776 870 2846 che
890 2773 923 2845 la
941 2774 1157 2851 rivelazions

231 2873 293 2945 dee
314 2874 476 2971 dissipare
497 2875 529 2946 le
550 2878 702 2949 oscuriti
729 2878 819 2949 della
838 2877 1022 2973 Religione
1049 2898 1156 2951 natu·

230 2977 300 3047 ralc
319 3005 381 3074 per
400 2994 530 3075 quamto
551 3006 570 3051 a
588 2978 635 3049 lei
655 2985 673 3049 e
693 2981 878 3077 possibile,
898 3009 917 3053 e
936 3007 1000 3077 per
1018 3000 1154 3079 quanto
1186 2989 1187 2998 ’

229 3084 300 3174 pud
320 3098 526 3173 permettere
545 3110 618 3153 una
635 3084 775 3177 ragione
796 3083 1086 3157 essenzialmente
1110 3087 1156 3156 ri·

230 3195 374 3266 stretta,
394 3208 491 3255 come
512 3185 545 3256 la
563 3201 689 3259 nostra.
709 3189 774 3261 Ma
796 3205 957 3283 sostengo
976 3214 1074 3259 esser
1097 3216 1156 3261 co·

230 3310 266 3353 sa
293 3282 500 3381 impossihile
530 3290 683 3385 (attenta
712 3292 854 3363 rationis
872 3306 1000 3362 nostrae
1026 3290 1154 3363 limita-

230 3388 349 3485 tione)
374 3387 437 3459 che
458 3392 659 3463 totalmente
678 3395 711 3467 le
731 3394 857 3492 dissipi.
882 3392 1074 3489 Aggiungo
1093 3422 1152 3465 an-

232 3518 334 3578 cora,
362 3492 426 3563 che
451 3520 522 3563 una
542 3496 746 3590 cognizione
779 3497 868 3570 delle
892 3497 1002 3569 verita
1030 3514 1151 3569 eterne

227 3608 327 3664 tanto
348 3596 462 3667 chiara
482 3614 613 3695 quanto
630 3598 665 3669 la
684 3601 911 3686 dornondate,
933 3604 951 3669 e
971 3598 1154 3698 incompa-
