2384 4442
178 508 288 584 60
1130 567 1133 574 .

186 639 253 702 ses,
272 640 334 712 qur
351 628 437 685 teste
459 612 684 731 Thucydide
685 611 765 686 Lib.
791 638 825 685 2.
845 610 937 729 Cup.
956 607 989 685 5.
1007 607 1100 681 et6.

186 744 269 791 cum
308 715 557 789 Thebanorum
595 718 808 834 captivorum
843 713 1103 786 restitutionem

186 818 437 919 promisissent,
461 820 612 917 captivos
641 847 716 891 non
741 820 835 892 vivos
858 816 919 889 sed
944 832 1105 888 mortuos

185 923 391 996 reddidere·
382 924 575 1019 ·agebatur
594 923 688 994 enim
711 922 805 994 de
772 921 857 994 vivis
882 918 1102 1003 hominibus,

185 1026 312 1097 nonde
322 1025 543 1097 cadaveribus
553 1042 780 1098 mortuorum.
790 1021 1104 1097 Veserrrmusrtem

188 1158 231 1203 ex
253 1156 285 1201 a.
304 1129 414 1227 capite
440 1129 614 1201 cavillator
639 1129 707 1201 fuit
726 1127 897 1214 Brasidas,
927 1124 990 1225 qui
1019 1149 1105 1195 cum

187 1260 207 1305 a
228 1232 436 1305 Thebams
425 1248 606 1351 mgentem
632 1231 791 1331 pecuniae
813 1254 988 1302 summam
1001 1254 1102 1299 acce-

187 1336 318 1435 pisset,
341 1335 451 1433 iisque
478 1336 628 1406 vicissim
656 1334 890 1433 promisisset,
917 1360 953 1402 se
982 1332 1026 1401 ab
1046 1356 1107 1401 eo-

185 1464 267 1509 rum
289 1454 381 1509 terra
407 1438 655 1524 discessurum,
686 1454 803 1535 postea
830 1450 1005 1507 caussatus
1036 1449 1104 1518 est,
1187 1485 1188 1490 η

188 1568 288 1612 suam
307 1566 378 1611 esse
398 1557 523 1610 terram
530 1566 664 1638 ,quam
682 1568 745 1612 suo
772 1538 926 1610 exercitu
955 1562 1107 1633 occupa
1187 1533 1188 1596 7

188 1643 256 1715 bat.
277 1642 462 1714 Immerito
473 1660 594 1714 contra
613 1671 656 1714 ex
681 1642 784 1714 tertio
807 1641 921 1739 capite
950 1638 1107 1712 Pericles

189 1770 272 1817 cum
288 1744 444 1817 hostibus
464 1746 672 1844 quibusdam
687 1760 815 1845 pactus
835 1761 875 1815 ut
893 1744 1027 1813 serrum
1045 1740 1110 1811 de·

187 1864 375 1946 ponerent,
396 1875 454 1921 eos
472 1865 590 1947 postea
616 1848 733 1921 violati
761 1847 856 1946 pacti
877 1844 1107 1929 insimulavit,

172 1951 284 2049 -quod
304 1978 378 2022 non
396 1952 636 2048 deposuissent
659 1951 782 2022 fibulas
800 1952 942 2035 ferreas,
961 1974 1047 2046 quas
1067 1947 1114 2016 in

188 2052 324 2134 laciniis
356 2055 504 2124 vestium
531 2055 719 2149 gerebant3
748 2082 791 2124 ex
820 2052 986 2148 adjuncta
1010 2049 1109 2121 enim

99 2201 101 2205 -
190 2155 354 2254 qualitate
373 2155 490 2227 hostili
509 2171 617 2252 patet,
648 2182 706 2227 eos
732 2156 816 2227 ferri
841 2155 984 2226 nomine
1012 2178 1108 2224 arma

191 2255 408 2329 solummodo
435 2257 655 2334 intellexisse.
692 2257 852 2355 Improbe
892 2257 1035 2329 tandem
1063 2282 1109 2326 ex
1188 2307 1189 2336 2

187 2376 314 2457 quarto
334 2359 444 2457 capite
464 2353 584 2432 lusisse
603 2360 775 2433 dicendus
794 2377 845 2433 est
865 2358 1020 2454 Quintus
1040 2358 1110 2431 Fa·
1188 2413 1189 2416 η

189 2462 270 2533 brus
281 2461 486 2562 Labe0,qur
505 2488 588 2535 curn
607 2490 650 2535 ex
669 2463 798 2535 soedere
818 2463 1001 2538 dimidiam
1021 2460 1114 2533 clas·
1188 2543 1189 2546 Ἴ

190 2565 234 2636 sis
264 2582 397 2663 partem
424 2594 445 2637 a
471 2565 566 2662 Rege
584 2566 751 2638 ‘Antioco
778 2566 933 2663 recipere
964 2566 1113 2636 deberet
1188 2644 1189 2672 ,

189 2696 294 2739 naves
325 2695 444 2741 omnes
474 2685 574 2761 teste
595 2670 735 2742 Valerio
765 2669 923 2743 Maximo
961 2667 1042 2740 Lib.
1078 2694 1112 2766 7.

193 2770 286 2871 Cap.
309 2770 341 2845 5.
360 2772 489 2843 medias
509 2772 688 2860 dissecuit,
707 2789 748 2844 ut
766 2772 899 2889 integpa
913 2772 1019 2843 classe
1039 2769 1113 2842 Re-

192 2900 271 2969 gem
289 2875 464 2972 spoliaret,
485 2902 567 2946 eum
586 2892 702 2946 tamen
722 2874 935 2947 contrarium
962 2873 1112 2946 omnino

191 2976 295 3045 fuisse
317 2976 420 3071 Regis
440 2979 574 3049 finem
565 3006 604 3049 m
616 2978 745 3049 foedere
756 2978 956 3076 pangendo,
968 2977 1112 3048 eviden-

189 3076 318 3150 tissime
339 3096 520 3151 constaret

295 3182 329 3275 §.
353 3182 436 3278 298.
456 3181 558 3253 Hisce
583 3182 627 3253 de
646 3199 827 3281 pactorum
856 3184 1115 3281 interpretatio·

189 3310 236 3354 ne
265 3282 415 3355 breviter
449 3282 641 3373 delibatis,
668 3286 790 3359 modos
818 3314 917 3358 nunc
952 3287 1113 3359 indicare

188 3402 347 3482 prestat,
369 3385 498 3483 quibus
527 3388 689 3483 obligatio
708 3416 751 3460 ex
777 3388 819 3459 iis
846 3406 920 3460 orta
946 3390 1112 3463 solvatur.

190 3488 355 3576 Primus,
375 3505 415 3559 ut
433 3488 565 3586 liquet,
593 3506 644 3561 est
662 3507 848 3578 accurata,
875 3508 910 3563 et
937 3492 1113 3590 completa

190 3591 360 3685 praestatio
379 3618 498 3663 rerum
515 3619 575 3665 seu
597 3590 766 3690 operum,
791 3593 834 3665 de
865 3596 991 3693 quibus
1014 3597 1114 3693 paci·

191 3709 325 3765 scentes
345 3721 548 3769 convenere.
573 3694 765 3770 Secundus
784 3714 835 3769 est
860 3715 1005 3771 mutuus
1025 3726 1116 3771 con-
