2384 4442
861 452 904 524 81

160 553 298 649 §.322
318 551 369 625 Ex
387 553 454 625 hoe
474 554 606 625 lactum
624 571 692 642 est,
711 572 751 627 ut
769 557 861 627 inter
878 582 963 626 con·

67 672 183 727 tractus
201 656 347 729 maxime
365 657 559 729 communis
579 658 721 728 evaserit
737 659 963 758 empti0‚ren-

67 759 162 846 ditio,
181 786 249 857 qua
267 759 344 858 quis
363 786 425 857 pro
438 760 664 832 determinata
676 778 799 833 mutuo
817 788 963 834 consen·
1019 806 1037 825 ι

66 888 99 933 au
120 862 273 959 pecuniae
296 862 516 961 quantitate,
542 864 706 935 transfert
730 865 781 935 rei
810 892 879 935 suae
902 866 961 936 do-

66 965 199 1037 minium
217 965 255 1039 in
277 964 424 1038 alterum
450 966 714 1037 contrahentem
744 969 809 1066 (ι)
837 966 961 1039 Donec

65 1066 156 1161 igitur
173 1094 193 1139 a
210 1068 365 1141 secundo
384 1068 534 1167 pecunia
552 1086 734 1141 numerata
752 1097 826 1141 non
842 1070 961 1157 suerit,

65 1170 179 1269 primur
211 1172 221 1269 l
243 1188 385 1271 excepta
410 1172 577 1272 peculiari
602 1173 864 1271 conventione)
887 1198 961 1244 rem

65 1299 146 1347 suam
164 1274 299 1348 tradere
311 1302 389 1347 non
411 1292 561 1348 tenetur.
583 1274 689 1371 Quod
712 1275 740 1346 si
763 1304 817 1347 res
837 1276 961 1348 tradita

63 1376 166 1465 luerit,
179 1395 212 1451 et
223 1378 374 1477 pecunia
385 1378 527 1453 minime
540 1395 736 1466 numerata,
748 1396 882 1477 emptor
896 1379 962 1476 (ni-

64 1478 190 1551 sialiter
210 1501 422 1555 conventum
441 1483 507 1581 sit)
524 1498 665 1554 tenetur
678 1482 850 1554 venditori
868 1509 961 1555 eom·

62 1608 187 1676 pensare
210 1584 352 1658 lucrum
378 1612 512 1657 cessans
530 1586 661 1683 ,eujus
682 1586 754 1688 ipse
782 1602 833 1656 est
855 1613 958 1657 causa

61 1686 189 1759 moralis
211 1688 252 1761 Si
272 1716 386 1789 neque
406 1716 460 1760 res
472 1716 587 1787 neque
600 1689 750 1786 pecunia
762 1688 924 1760 tradita
898 1706 957 1779 stt,

61 1804 88 1858 et
98 1806 222 1889 emptor
238 1792 354 1891 elapso
372 1792 551 1863 solutionis
570 1808 724 1890 tempore
744 1819 856 1863 moras
875 1819 959 1863 nec·

59 1892 180 1989 lat,jus
199 1896 305 1967 habet
320 1895 479 1967 venditor
497 1894 653 1967 eamdem
671 1920 745 1967 rem
763 1884 861 1965 alteri
876 1922 960 1966 ven·

60 1948 179 2085 doridi,
203 2026 279 2071 non
302 2016 418 2071 tamen
442 1998 470 2070 si
492 1998 640 2072 vicissim
666 1998 817 2097 pecunia
834 2024 958 2069 nume·

57 2114 117 2169 rata
132 2100 193 2188 sit,
213 2119 249 2173 et
271 2130 324 2174 res
343 2131 415 2175 non
434 2102 578 2189 tradita,
599 2102 680 2201 quia
702 2101 839 2173 traditio
855 2118 957 2173 natu-

57 2200 121 2273 ralit
109 2218 157 2274 ter
177 2206 371 2277 necessaria
390 2234 462 2277 non
483 2222 533 2277 est
550 2207 607 2305 (S,
627 2205 712 2279 286.
726 2208 736 2304 )
759 2204 802 2276 ad
814 2204 954 2276 transla-
1036 2242 1040 2245 ·

57 2302 172 2379 tionem
190 2308 347 2381 dominii.
360 2308 510 2405 Quando
523 2336 577 2381 res
595 2308 735 2381 vendita
746 2308 870 2380 tradita
880 2335 955 2380 non

58 2424 98 2477 est
117 2438 155 2482 ex
172 2412 338 2510 culpabili
364 2412 550 2484 venditoris
569 2438 686 2498 mora,
710 2412 738 2482 si
761 2429 879 2509 pereat
901 2411 957 2481 vel

57 2532 306 2632 corrumpatur,
325 2514 500 2611 integrum
519 2467 686 2585 damnuui
700 2514 859 2585 venditor
878 2538 956 2583 sen-

56 2612 128 2701 tiat,
147 2618 174 2688 si
192 2618 371 2691 traditioni
389 2644 521 2691 moram
541 2616 749 2713 culpabilem
770 2614 866 2685 dedit
885 2642 955 2685 ern-

56 2733 143 2810 ptor,
169 2721 278 2819 hujus
302 2723 366 2793 erit
387 2722 564 2817 integrum
587 2720 780 2808 damnum3
809 2717 837 2787 si
863 2734 957 2789 uter-

56 2846 125 2915 que,
137 2826 234 2897 ambo
247 2852 312 2943 pro
326 2824 447 2925 aequali
457 2840 509 2895 rat
496 2822 708 2895 tadamnum
719 2820 957 2919 patianturju·

53 2925 250 3025 uaimputat
251 2929 342 3000 ionis
353 2927 523 3047 principia
539 2926 641 3025 (Vid.
652 2924 731 2997 Lib.
733 2924 766 2997 Ι.
770 2924 860 3023 Cup.
865 2923 935 2996 VI.
938 2922 968 3023 J

55 3024 294 3104 observandum
317 3030 420 3102 etiam
441 3047 511 3119 est,
535 3030 652 3128 plures
676 3028 750 3099 dari
772 3054 827 3097 res
849 3026 955 3098 utilli-

54 3152 113 3199 mas
129 3187 137 3219 ‚
156 3134 283 3233 quibus
302 3134 469 3206 nullum
459 3134 637 3205 mvenitur
661 3131 859 3230 impositum
876 3158 953 3228 pre-

55 3229 153 3322 tium,
171 3238 227 3308 vel
257 3238 339 3337 quia
360 3237 501 3309 domiuo
521 3253 665 3323 carent,
692 3252 732 3306 ιιι
754 3263 836 3321 ιιι,
864 3260 954 3331 aqua

53 3336 243 3456 profluens,
262 3342 385 3412 umbra
404 3357 483 3426 etc,
510 3340 564 3411 vel
583 3340 664 3438 quia
681 3355 848 3437 tanquam
870 3337 953 3405 alte-

53 3435 114 3508 rius
130 3468 179 3513 rer
171 3441 406 3542 appendices
427 3396 714 3529 colrsiderantur‚
736 3458 777 3513 ut
795 3437 953 3538 quaedam

52 3545 220 3617 commoda
240 3574 282 3619 ιι
305 3576 342 3619 ιι
361 3546 500 3621 vendita
519 3498 742 3645 procedentia
756 3600 765 3632 ,
777 3569 854 3642 quae
870 3566 951 3612 cum

662 3648 745 3741 4„
