2384 4442
1024 147 1067 252 ²

197 519 359 594 socialem
377 520 483 596 deflet
500 549 541 596 ac
560 523 742 622 deplorat,
766 537 932 620 tanquam
959 527 1120 601 omnium

196 622 369 696 malorum
387 626 529 700 sontem
552 625 646 700 Hinc
664 625 952 701 meritoVoltaire
974 629 1120 704 citatum
1182 619 1183 682 l

200 723 380 801 Rousseau
407 729 567 804 libellum
596 745 781 827 nuncupat
810 729 970 804 codicem
989 747 1118 808 contra

196 853 313 924 genus
329 830 550 928 huscanium
569 833 723 932 indeque
743 832 877 920 subdit,
901 864 917 902 ιι
937 861 1121 934 nunquam

198 947 336 1006 tantum
352 935 486 1033 ingenii
504 936 700 1009 adhibitum
720 951 770 1008 cst
784 935 828 1008 ad
846 935 1035 1009 volendum
1055 967 1120 1012 nos
1182 989 1183 1008 ι

198 1035 345 1110 reddere
355 1040 480 1112 bestias
498 1070 514 1109 ιι
520 1040 669 1114 ,Verum
687 1038 971 1112 idemVoltaire
957 1067 995 1112 ιιι
1011 1039 1121 1114 histo·
1182 1061 1183 1082 ¹

201 1144 261 1210 ria
276 1138 634 1258 plotosophieacap.
647 1143 699 1216 3.
688 1158 786 1240 Juxta
806 1169 939 1216 morem
961 1145 1120 1242 omnium

201 1269 391 1343 impiorum
400 1246 467 1318 s1b1
485 1246 728 1320 contradicens
746 1246 871 1333 docet,
895 1279 910 1315 ιι
933 1273 1042 1342 genus
1052 1249 1118 1320 hu

201 1371 347 1420 manum
364 1349 426 1421 diu
441 1349 668 1448 permansisse
681 1349 718 1422 in
730 1350 918 1420 brutorum
932 1365 1022 1421 statu
1035 1382 1063 1422 o

207 1453 336 1546 S.
358 1476 443 1550 227.
462 1451 579 1568 Magis
596 1451 692 1522 hac
682 1477 721 1521 ιιι
749 1477 787 1523 re
812 1451 964 1550 speciosa
984 1469 1035 1524 est
1054 1453 1114 1525 sed

165 1570 290 1650 nque
309 1552 458 1625 absurda
476 1553 594 1652 opinio
626 1553 704 1628 Puf
701 1545 889 1642 leuderici,
920 1555 981 1653 qui
1007 1555 1111 1652 primi

191 1653 277 1751 legis
307 1655 474 1729 naturalis
509 1655 673 1756 principii
703 1683 723 1728 a
749 1684 785 1730 se
816 1610 955 1731 admissi
987 1685 1113 1776 nempe

195 1759 394 1832 socialitatis
413 1760 555 1848 oblitus,
571 1787 639 1832 nec
657 1786 731 1831 non
744 1775 850 1832 status
863 1761 1072 1832 domestici
1061 1790 1119 1860 Ju-

199 1879 259 1936 xta
284 1863 400 1962 ipsum
427 1892 470 1936 ex
495 1863 654 1936 instituto
684 1880 817 1934 naturae
850 1864 923 1935 viro
950 1891 1058 1936 tinore
1084 1883 1120 1937 et

201 1966 283 2041 liliis
300 1966 542 2053 coalescente,
560 1993 600 2037 ac
620 1965 772 2063 denique
789 1965 866 2037 vitae
886 1966 1043 2038 solitariae
1054 1996 1119 2065 per

194 2065 310 2166 ipsum
333 2070 344 2166 (
365 2069 425 2140 De
444 2065 579 2164 origin.
600 2069 683 2142 Jur.
705 2070 797 2169 Cap.
820 2067 853 2142 5.
884 2071 918 2164 §.
948 2071 1020 2168 25)
1050 2070 1121 2167 legi

194 2187 328 2243 naturae
343 2172 596 2289 repugnantis,
617 2171 686 2242 nisi
708 2173 752 2242 ob
772 2171 1118 2245 societatiseommo-

198 2274 285 2346 dum
302 2274 523 2373 suscipiatur,
542 2273 664 2345 Libe
670 2275 802 2346 ..leeris
826 2274 915 2347 Nat.
939 2300 993 2346 ao.
1016 2274 1119 2348 Gent.

200 2377 291 2476 Gap
302 2403 334 2450 2.
346 2379 434 2474 §n
453 2377 528 2448 laaec
546 2377 660 2448 habet.
683 2407 698 2445 ιι
719 2377 770 2450 Ut
794 2392 901 2450 status
929 2377 1118 2467 naturalis,

199 2479 325 2552 faciem
343 2480 459 2552 animo
479 2480 663 2576 concipere
684 2507 851 2578 queamus
867 2479 1030 2577 ,qualis
1020 2507 1049 2551 rs
1068 2481 1120 2552 ci·

123 2632 126 2640 ,
202 2599 255 2656 tra
273 2584 347 2656 ulla
362 2582 514 2657 subsidia
532 2599 593 2654 aut
611 2582 753 2654 inventa
770 2583 942 2668 humana,
955 2599 1015 2654 aut
1035 2582 1122 2654 divi-

201 2684 298 2762 nitus
308 2689 444 2762 homini
454 2703 613 2784 suggesta
629 2687 768 2760 futurus
780 2688 892 2758 fuerat
907 2741 917 2773 ‚
933 2637 1120 2780 lingendus
1139 2767 1141 2773 ,

201 2793 302 2865 nobis
319 2794 488 2866 esthcmo
510 2790 761 2888 undecumque
780 2790 818 2861 in
837 2790 933 2863 hunc
945 2789 1136 2878 mundum¹

167 2976 179 2982 „
199 2895 392 2990 projectus,
403 2923 444 2967 ac
464 2893 530 2966 sibi
549 2891 613 2964 soli
631 2893 736 2988 plane
748 2892 890 2966 relictus
909 2892 995 2966 citra
1013 2918 1120 2964 omne

201 2996 396 3075 subsidium
410 2998 607 3070 humanum
623 3011 702 3092 post
720 2996 933 3070 nativitatem
948 2994 1013 3092 ipsi
1029 2996 1121 3067 aeci-

201 3098 341 3186 denset
350 3100 493 3198 quidem
505 3115 546 3171 ut
556 3125 631 3170 non
643 3099 866 3196 amplioribus
878 3099 984 3171 animi
998 3125 1120 3195 corpo·
1182 3137 1183 3148 ι

200 3200 317 3301 risque
333 3202 471 3276 dotibus
490 3201 535 3273 sit
552 3202 767 3291 instructus,
780 3227 885 3303 quam
903 3229 1000 3277 nunc
1021 3201 1122 3274 nulla
1182 3207 1183 3228 ¹

201 3306 326 3404 proavia
338 3307 475 3379 cultura
486 3305 817 3403 deprehenduntur
829 3331 947 3406 neque
966 3304 1124 3376 eundem

200 3409 368 3505 peculiari
388 3407 552 3484 Numinis
574 3435 659 3480 cura
679 3407 786 3481 foveri
798 3439 826 3481 ι.
848 3408 931 3480 Post
950 3407 1022 3478 haec
1042 3435 1121 3505 per-

200 3511 249 3606 git
267 3513 553 3599 Pulfendorlius‚
574 3527 609 3582 et
627 3511 853 3585 miserrimam
879 3510 1035 3608 ejusdem
1055 3511 1117 3581 ho-

201 3614 304 3688 minis
324 3616 561 3691 conditionem
578 3614 769 3688 describit
756 3641 880 3714 parum
891 3642 910 3686 a
921 3613 1121 3686 belluarum
