2384 4442
229 588 270 642 ut
287 569 364 669 quis
383 553 606 667 dispendium
616 565 780 665 patiatur,
798 563 893 635 unde
911 560 1059 636 videtur
1070 592 1145 662 pra·

228 673 338 743 mium
356 671 538 757 meruisse,
556 671 602 741 ita
623 697 665 742 ex
683 668 748 738 alia
768 666 1008 765 aequissimum
1029 684 1096 753 est,
1113 685 1145 738 ut

227 802 331 870 poena
365 772 639 845 conventionalis
674 770 717 842 ad
743 771 911 866 majorem
947 785 1144 840 contractus

228 877 439 961 firmitatem,
459 875 698 946 consentiente
718 871 941 957 mutuatorie,
954 887 1090 942 statuta
1112 873 1145 942 ab

230 979 354 1050 eodem
373 977 590 1076 culpabiliter
607 1002 742 1047 moroso
763 974 928 1060 solvatur,
953 973 1142 1045 dummodo

230 1108 334 1178 poena
351 1081 526 1153 moderata
544 1079 588 1149 sit
605 1079 702 1175 juxta
721 1075 832 1174 culpae
855 1093 890 1147 et
907 1077 960 1146 rei
983 1094 1146 1148 mutuata

232 1209 439 1254 mensuram
1037 1239 1041 1244 -

333 1289 367 1380 §.
390 1285 474 1356 308.
497 1282 562 1353 Sin
574 1299 691 1354 autem
702 1280 872 1379 inquiras,
891 1307 1061 1378 quaenam
1074 1309 1148 1354 con·

228 1386 378 1457 ditiones
396 1386 620 1483 requirantur
639 1384 681 1454 ad
701 1382 832 1482 aliquid
850 1382 943 1454 licite
964 1383 1064 1455 ultra
1084 1413 1145 1455 sor-

228 1505 300 1561 tem
326 1487 535 1581 exigendum
564 1515 606 1557 ex
634 1485 736 1557 titulo
775 1485 892 1556 damni
922 1488 1147 1582 emergentis,

227 1605 287 1660 aut
305 1588 398 1660 locri
416 1587 796 1685 cessantis,reponi1nus
812 1615 820 1659 ε
839 1613 868 1658 1.
886 1604 1059 1660 mutuum
1080 1617 1146 1661 esse

228 1717 345 1761 veram
364 1715 502 1762 causam
521 1718 585 1763 cur
615 1690 782 1762 damnum
809 1705 975 1784 emergat,
1006 1709 1072 1762 aut
1100 1691 1145 1762 lu-

229 1819 329 1864 crum
353 1808 477 1878 cesset,
503 1793 559 1863 vel
588 1808 803 1864 cessaturum
825 1791 1075 1889 praevideatur,
1102 1793 1145 1864 ita

229 1912 270 1966 ut
288 1895 434 1992 proinde
454 1895 483 1966 si
500 1910 676 1966 mutuatur
695 1893 796 1964 aliam
814 1893 938 1964 habeat
955 1894 1145 1991 pecuniam

229 1997 372 2067 otiosam
394 1999 480 2094 (seu
499 1997 632 2067 sincere
662 2023 736 2068 non
764 1991 969 2067 destinatam
988 1997 1036 2068 ad
1062 1998 1142 2068 alios

228 2098 338 2195 ju'sms
356 2100 443 2169 fines
463 2126 514 2171 ex.
534 2125 583 2194 gr.
607 2097 650 2170 ad
676 2097 962 2194 negotiationem,
992 2098 1143 2171 filiarum
1176 2153 1177 2170 s

229 2199 457 2284 dotationem,
477 2200 613 2274 familiae
622 2201 946 2289 substentationem,
966 2227 1069 2276 casus
1081 2204 1143 2276 for·
1176 2221 1177 2258 t

228 2301 334 2371 tuitus
351 2301 544 2398 prudenter
561 2301 802 2400 praeeavendos
823 2319 886 2375 etc.
902 2305 937 2402 )‚
965 2331 1037 2402 qua
1057 2332 1146 2400 eom-

161 2438 164 2445 ,
227 2402 330 2473 mode
342 2403 448 2499 possit
462 2404 518 2475 vel
532 2405 717 2476 imminens
729 2405 896 2476 damnum
906 2432 1084 2504 reparare,
1095 2408 1144 2481 rel

226 2504 321 2575 idem
332 2505 426 2605 quod
438 2533 530 2577 exre
547 2523 705 2578 mutuata
715 2507 854 2580 lucrum
871 2535 1089 2606 comparare,
1099 2511 1145 2581 nil

227 2607 319 2679 ultra
332 2625 459 2680 sortem
469 2607 562 2680 licite
574 2609 681 2705 possit
695 2609 838 2705 exigere.
852 2608 1012 2683 Dicimus
1029 2639 1062 2688 2.
1073 2641 1144 2686 mu-

225 2711 414 2782 tuatarium
423 2726 502 2786 ante
511 2727 731 2783 contractum
742 2712 785 2782 de
798 2711 995 2784 imminenti
1005 2714 1143 2802 damno,
1176 2801 1177 2812 ,

228 2829 289 2883 aut
307 2812 407 2884 lucro
430 2829 583 2886 cessante
611 2815 829 2886 monendum
855 2843 942 2903 esse,
962 2832 1004 2888 ut
1021 2818 1143 2906 libere,
1176 2821 1177 2892 J

225 2913 282 2984 vel
300 2913 338 2984 in
359 2915 677 3013 compensationem
701 2918 908 3006 consentiat,
928 2919 982 2990 vel
1003 2920 1089 2991 alibi
1106 2923 1144 2993 si·
1176 2991 1177 2994 ,

230 3041 278 3084 ne
298 3015 357 3084 tali
375 3044 480 3089 onere
500 3018 761 3116 sibiprovideat.
781 3019 940 3092 Dicimus
956 3023 987 3092 3.
1006 3041 1142 3097 mutua-

227 3115 355 3186 tarium
383 3120 460 3213 cogi
486 3148 559 3192 non
585 3147 684 3218 posse
704 3120 747 3192 ad
766 3121 917 3220 aliquam
943 3123 1142 3198 solvendam
1176 3143 1177 3154 ¹

226 3217 490 3292 determinatam
505 3224 734 3320 quantitatem
751 3227 910 3321 pecuniae
928 3227 983 3299 vel
1003 3227 1140 3310 alterius
1176 3233 1177 3268 ³

225 3321 278 3392 rei
297 3320 474 3414 sungihilis
485 3323 658 3422 quidquid
676 3327 842 3415 evenerit,
862 3329 891 3399 si
909 3328 991 3400 velit
1002 3357 1046 3402 se,
1060 3333 1141 3404 obli·
1176 3333 1177 3346 ἶ

225 3451 304 3518 gare
323 3423 365 3493 ad
386 3423 561 3518 integrum
578 3429 747 3500 damnum
765 3430 860 3527 quod
889 3450 1057 3527 emerget,
1085 3452 1139 3507 aut
1176 3515 1177 3518 Ἴ

223 3525 383 3613 lucrum,
411 3525 506 3625 quod
536 3531 702 3617 cessabit,
734 3533 1060 3629 compensandum:
1094 3539 1137 3609 sie

226 3626 320 3697 enim
347 3630 552 3705 mutuatorie
568 3631 800 3708 indemnitati
827 3632 909 3708 satis
934 3640 1136 3716 consulitur.
