2384 4442
842 413 912 511 Ῐ49
974 518 980 528 ,

345 508 683 587 CAPUTIV.

54 782 61 790 ,
153 717 487 791 DeHumauorum
502 718 698 821 effectuum
716 720 863 815 inipetu,

79 826 345 922 perversitate,
373 848 418 895 ac
439 824 552 893 modis
581 827 659 893 illos
677 826 773 895 intra
797 818 931 896 debitos

338 926 437 1029 fines
465 925 665 999 coercendi.

155 1131 194 1226 §·.
230 1133 283 1223 14.
311 1126 476 1225 Quamvis
506 1130 651 1202 humani
677 1131 822 1202 affectus
862 1154 963 1225 gene·

47 1232 154 1305 ratim
184 1232 328 1329 spectati
354 1232 492 1303 utillimi
512 1233 601 1321 sint,
632 1260 676 1305 eo
692 1250 808 1305 tamen
834 1232 965 1329 impetu

48 1334 239 1432 aliquando
269 1352 377 1431 agunt
407 1335 446 1406 in
473 1336 645 1424 animam,
664 1352 706 1408 ut
741 1336 770 1406 si
793 1336 867 1406 haec
886 1336 967 1407 totis

47 1438 182 1511 viribus
212 1436 291 1509 illos
317 1438 408 1508 intra
427 1437 560 1509 debitos
591 1440 678 1511 fines
708 1464 870 1511 coercere
890 1465 965 1508 non

49 1556 175 1627 curet,
215 1540 366 1637 perversi
410 1541 573 1628 evadant,
602 1558 637 1612 et
673 1540 966 1639 perniciosissimi.

51 1644 113 1715 Sic
135 1643 289 1741 quamvis
315 1670 378 1741 per
407 1670 442 1715 se
470 1645 584 1715 bonus
604 1644 647 1715 sit
668 1671 764 1716 amor
782 1660 967 1742 parentum

48 1746 191 1833 uxoris,
221 1746 395 1835 fitiorum,
424 1762 490 1818 etc.
509 1747 539 1817 si
567 1763 685 1819 tamen
715 1748 773 1818 hic
793 1768 889 1817 amor
908 1746 969 1818 de·

46 1850 164 1922 bitum
192 1848 371 1937 ordinem,
399 1874 439 1921 ac
465 1848 611 1920 modum
647 1849 814 1935 excedat,
843 1848 965 1921 facilli·

47 1978 104 2025 me
132 1952 314 2025 hominem
339 1952 512 2050 aliquibus
540 1952 578 2022 in
609 1949 877 2023 circumstantiis
913 1952 966 2023 in-

48 2054 158 2125 ducet
188 2053 231 2125 ad
267 2055 513 2151 pejerandum,
555 2054 764 2141 furandum,
806 2053 969 2125 occiden-

49 2157 160 2244 dum,
192 2174 227 2227 et
250 2157 315 2227 alia
334 2157 488 2228 facinora
513 2156 568 2228 vel
595 2156 674 2230 Deo
693 2155 886 2253 injuriosa,
913 2156 968 2229 rel

46 2259 251 2330 bominibus
278 2259 419 2341 exitiosa
446 2260 684 2355 perpetranda.
715 2254 814 2353 Idem
841 2260 897 2331 dic
922 2260 966 2331 de

45 2362 193 2460 reliquis
223 2362 424 2448 affectibus,
453 2361 673 2459 potissimum
697 2388 779 2432 vero
798 2360 842 2432 de
870 2359 965 2449 odio,

46 2464 121 2552 ira,
153 2462 346 2562 zelotypia,
377 2480 411 2534 et
445 2463 667 2536 emulatione.
686 2462 805 2534 Rectae
823 2464 965 2537 rationis

47 2594 155 2663 ergo,
186 2594 263 2665 quae
293 2583 459 2664 tanquam
488 2567 612 2661 regina
634 2566 675 2635 in
694 2562 836 2635 homine
855 2564 967 2653 sedet,

45 2696 181 2741 munus
213 2686 263 2739 est
292 2670 438 2741 affectus
467 2668 667 2755 umderari,
698 2692 825 2765 eosque
852 2667 968 2738 effica-

47 2772 142 2844 citer
162 2772 369 2869 proln‘bere,
389 2771 577 2869 quominus
605 2787 702 2862 extra
728 2768 861 2841 debitos
880 2770 968 2841 fines

45 2874 244 2973 prosiliant.
275 2874 317 2947 Id
347 2890 465 2945 autem
495 2874 686 2970 generatim
720 2872 908 2960 obtinebit,
938 2874 968 2944 si

45 2993 183 3049 attente
214 3004 254 3049 ac
283 3003 418 3048 morose
449 2977 566 3075 quoad
594 2976 671 3049 lieri
704 2992 816 3074 potest
853 2976 966 3048 consi·

45 3080 150 3153 deret
169 3079 441 3153 circumstantias
462 3104 581 3151 omnes
601 3078 861 3167 antecedentes,
880 3107 964 3152 con·

46 3182 277 3271 comitantes,
316 3199 351 3255 et
388 3199 640 3279 consequentes
680 3180 881 3271 actionum,
918 3183 963 3255 ad

45 3312 135 3385 quas
164 3286 263 3384 rapit¹
280 3310 428 3383 praesens
447 3286 616 3371 effectur,
636 3299 670 3354 et
689 3311 731 3355 ex
759 3284 962 3382 hujusmodi

45 3386 327 3466 consideratione
355 3389 521 3460 affectum
538 3387 699 3485 prasenti
716 3386 860 3459 aflectui
879 3414 962 3458 con·

42 3492 195 3563 tracium
226 3491 374 3564 excitare
405 3506 577 3577 conetur,
615 3489 782 3584 fugiendo
819 3489 963 3585 insuper

43 3621 112 3693 pro
131 3593 262 3669 viribus
290 3594 508 3669 occasionem
536 3592 726 3693 quamlibet
743 3591 896 3689 primun
911 3593 961 3664 al·
