2384 4442
643 515 646 521 -
822 484 867 533 10

118 559 151 628 (ι)
166 554 296 633 Spectato
316 554 382 631 jure
402 554 501 615 divino
525 567 613 616 status
637 558 792 638 conjugalis
810 581 826 615 a
845 486 948 623 miindi

54 632 156 691 exordio
174 644 302 708 pactum,
322 652 372 689 seu
391 630 540 689 vinculum
558 648 732 709 perpetuum
750 650 779 693 et
796 636 947 693 indissolu-

54 708 100 765 bile
117 720 241 784 respectu
262 705 389 763 omnium
408 706 560 763 hominum
581 708 685 785 procul
703 710 792 766 dubio
811 710 948 788 importa-

53 782 178 849 vitilem
200 786 267 839 Gen.
291 802 314 839 a.
336 782 461 839 dicitur:
480 809 493 837 «
509 782 667 859 Relinquet
685 784 772 840 homo
797 798 847 842 cte.
864 811 895 843 s.
909 790 948 847 Et

54 860 143 915 Macte.
163 878 203 933 19.
220 884 234 911 e
249 858 294 915 Ab
310 857 397 915 initio·
415 878 480 915 non-
501 858 554 916 luit
582 859 622 916 sic
638 881 651 911 :·
677 858 771 930 Quod
781 860 859 916 Deus
881 882 949 919 con·

47 933 145 1007 junxit,
156 932 242 989 homo
258 954 318 991 non
333 945 474 1009 separet».
492 933 583 991 Unde
593 934 797 992 Tridentinum
812 937 888 991 Sese.
905 919 949 1008 24¹,

53 1008 81 1063 de
94 1012 214 1065 Macrim.
240 1036 253 1063 e
275 1008 449 1065 Matrimonii
473 1022 649 1086 perpetuum
668 1008 952 1097 indissolubilemque

52 1102 142 1139 nexum
153 1084 262 1160 primus
277 1083 401 1141 humani¹
409 1085 519 1159 generis
535 1104 639 1161 perans
655 1084 755 1142 Divini
769 1084 893 1161 Spiritus
906 1106 948 1142 m·

52 1156 140 1215 stinctu
149 1160 362 1235 pronuntiavit,
380 1179 446 1215 cum
465 1158 558 1215 dixit:
574 1160 631 1217 hoe
650 1180 728 1217 nunc
743 1181 775 1216 os
790 1181 827 1217 ex
841 1160 951 1219 ossibus

53 1233 133 1289 meis».
141 1235 261 1311 Propter
274 1235 409 1292 duritiam
422 1234 514 1294 cordis
525 1236 638 1311 Moyses
692 1234 783 1293 renuit
796 1234 896 1311 judaeis
911 1235 953 1292 di-

52 1307 145 1365 mittere
165 1329 285 1381 uxores,
304 1310 368 1367 illos
394 1329 454 1367 non
474 1330 490 1365 a
511 1323 596 1367 reatu.
612 1256 714 1388 coliem·
726 1310 875 1397 exiinens,
903 1312 953 1369 sed

53 1384 212 1459 spunitione
233 1385 270 1443 sd
286 1387 374 1460 majus
391 1384 499 1441 malum
516 1384 682 1454 vitandum,
701 1385 807 1444 sedicet
827 1387 953 1445 uxorici·

53 1458 124 1544 dium
133 1462 173 1517 Ita
183 1460 268 1517 docet
281 1461 371 1519 Divus
381 1461 507 1547 Thomas
521 1460 545 1517 3:
556 1472 637 1548 part.
648 1466 755 1549 quest.
769 1464 814 1519 61·⁸
827 1466 913 1549 artie.
923 1462 957 1520 ὅ..

53 1534 93 1588 ubi
104 1536 267 1593 enumeratis
284 1536 375 1593 tribus
390 1536 497 1606 modis,
514 1536 620 1622 quibus
635 1536 745 1614 aliquid
763 1537 960 1623 permittr'di-

53 1608 114 1665 citur
124 1610 229 1667 subdit:
243 1636 257 1666 o
277 1611 376 1669 tertius
390 1624 430 1671 est
449 1632 503 1688 per
516 1611 708 1687 privationem
726 1612 903 1688 punctionis,
919 1625 950 1673 et

53 1682 82 1739 sic
97 1684 200 1743 libellus
221 1686 335 1763 repudii
350 1686 381 1743 in
399 1687 469 1763 lege·
481 1684 640 1763 permissus·
649 1686 704 1744 suit
718 1700 840 1765 propter
859 1690 950 1763 majus

52 1758 140 1815 malum
160 1760 355 1819 cohibendum
369 1804 377 1831 ,
397 1762 503 1819 scilicet
521 1762 720 1820 uxoricidium
731 1787 761 1818 r..
772 1766 808 1820 Et
821 1765 883 1822 haec
895 1762 952 1821 suit

53 1819 355 1895 sententiachrtulliani
363 1837 518 1913 ,Origenis
528 1878 536 1905 ,
545 1837 716 1915 Hieronymi
728 1880 737 1906 ,
749 1836 848 1906 Bedese
862 1841 952 1915 Euty·

53 1910 107 1979 mii,
124 1925 150 1967 et
166 1932 210 1969 me
231 1913 294 1970 'stri
312 1913 525 1971 sententiarum.
548 1912 693 1969 Gaeterum
711 1914 845 1988 prelatus
859 1912 952 1970 Divus

54 1984 158 2045 Thomas
180 1932 296 2047 viditur
307 1988 423 2045 Judaeos
448 1987 554 2065 Moysis
583 1988 767 2063 permissione
793 2001 904 2047 utentes
922 2009 952 2044 e·

53 2058 106 2115 tiam
121 2083 135 2118 a
148 2063 235 2141 culpa
247 2084 391 2123 excusare.
407 2062 455 2120 Ait
470 2062 546 2119 enim
566 2063 597 2117 in
615 2067 687 2138 cap.
708 2083 749 2137 19.
763 2067 870 2121 Mattls.
885 2064 951 2119 «Li-

54 2148 88 2192 cet
98 2138 243 2215 repudium
260 2138 458 2197 inordinatum
473 2137 549 2213 quid¹
559 2152 647 2206 esset,
668 2138 761 2195 noluit
785 2152 881 2198 tamen
892 2140 961 2197 Do·-

54 2209 141 2282 minus,
156 2215 234 2289 quod
243 2214 353 2271 Judaeis
373 2214 564 2291 imputaretur
577 2213 614 2269 ad
629 2214 676 2271 cul
699 2234 744 2270 am
757 2236 786 2281 »ς
801 2228 831 2273 et
847 2218 903 2273 cit.
915 2220 949 2289 Q.
997 2225 1001 2232 '

53 2286 88 2360 67.
102 2293 176 2345 artic.
187 2289 211 2346 3.
224 2291 266 2347 ad
281 2291 306 2360 d„
323 2317 336 2344 «
351 2290 479 2365 quamvis
496 2288 602 2349 duritia
619 2235 714 2347 corsis
729 2310 790 2346 non
805 2304 954 2349 excusaret

54 2376 196 2435 apeccato,
211 2378 314 2423 tamen.
348 2364 650 2425 emniseioiexduritia,
666 2366 744 2422 laeta
751 2366 905 2423 excusabat
920 2388 951 2434 s,

55 2438 165 2507 quaedam
180 2386 465 2516 enirnproliibentur
480 2438 599 2495 infirmis
615 2438 819 2515 corporaliter,
839 2461 892 2499 uec
912 2453 953 2496 ta·

53 2528 105 2567 meu
115 2514 350 2593 infirmipeccant
362 2514 555 2591 permissione·
563 2512 624 2569 sibi.
635 2513 709 2570 facta
725 2527 845 2573 utentes.

115 2588 238 2649 Christus
260 2587 380 2647 Multis
396 2609 438 2665 19.
458 2589 533 2645 hanc
553 2586 773 2663 permissionem-
785 2588 954 2675 abrogavit,

54 2672 75 2715 ct
86 2664 295 2723 matrimonium.
304 2664 433 2743 pristinae
447 2660 691 2730 indissolubilitati
706 2662 829 2720 restituit
844 2663 954 2719 dicens:

56 2761 65 2785 α
78 2737 117 2793 Ad
133 2740 270 2799 dutitiam.
280 2741 373 2798 cordis
389 2737 480 2797 vestri.
490 2736 619 2824 permisit
636 2736 718 2793 vobis
736 2739 848 2811 Moyses
863 2737 957 2793 dimit-

55 2821 100 2869 tere
121 2835 225 2877 uxores,
237 2830 358 2876 vestras:
381 2815 416 2872 ab
435 2812 515 2869 initio
537 2826 710 2869 autem-non
729 2812 785 2869 luit
803 2809 850 2867 sic.
868 2812 957 2881 Quod

54 2884 117 2943 Deus
131 2893 279 2966 conjunxit
293 2892 380 2948 homo
398 2909 464 2947 non
473 2902 584 2965 separet
591 2912 623 2947 n..

116 2965 186 3023 Hinc
197 2968 302 3025 Paulus
320 2968 486 3025 rectoriae.
501 2984 525 3041 7.
536 2967 575 3025 V.'
591 2984 634 3019 ro:
652 2962 704 3019 ait:
719 2989 733 3017 ιι
744 2962 777 3018 iis
793 2961 844 3037 qui
858 2962 955 3017 matri·

55 3038 244 3115 moniojuncci'
257 3039 479 3128 sunt,.9raecipio
495 3060 555 3097 non
571 3038 707 3115 ego‚,'sed
717 3038 870 3107 Dominus,
886 3058 958 3094 uxo·

55 3131 132 3169 rema
150 3116 210 3173 viro
230 3138 291 3175 non
318 3116 477 3183 discedere,
502 3114 627 3190 quodsi
643 3114 817 3183 discesserit,
842 3134 958 3174 manere

56 3184 170 3263 ineptam
180 3233 196 3261 ,⁴
206 3208 256 3251 aut
272 3192 334 3250 viro
355 3212 415 3249 suo¹
429 3188 607 3249 reconciliari
620 3232 637 3258 ,,
649 3203 677 3247 et
696 3190 742 3248 vir
760 3210 881 3249 uxorem
896 3210 957 3246 nou

59 3260 199 3323 dimittat».

117 3340 166 3397 De·
179 3343 290 3411 Felici,
316 3342 445 3419 quamvis
473 3339 620 3397 nonnullis
642 3341 809 3399 incessibus
833 3340 958 3397 divortia

56 3414 140 3540 guoad
158 3418 304 3477 vinculum
324 3419 447 3493 probet,
472 3416 521 3473 illa
545 3429 640 3474 tamen
660 3417 818 3495 generatim
841 3416 968 3470 damnat.

73 3506 146 3547 lcens.
166 3520 179 3547 ιι
197 3494 222 3548 Il
237 3493 420 3557 Matrimonio
435 3496 450 3549 ὲ
467 3513 524 3549 una
540 3493 643 3550 sociem
658 3506 802 3551 eontratta
818 3503 861 3546 tra
879 3490 967 3547 l'uo·-

55 3579 131 3623 mue
148 3566 178 3623 la
201 3568 321 3637 donna,
342 3569 394 3629 che
414 3569 616 3649 s’impegneno
636 3568 894 3629 voluntariamente
921 3565 969 3624 am
