2384 4442
861 436 910 511 55

66 538 255 639 negotiando
278 539 462 637 reportavit
486 538 643 638 (secluso
672 538 805 613 domini
831 539 960 613 damno

66 659 268 741 emer-gente,
296 659 356 715 aut
379 643 479 717 luero
499 644 679 741 cessante)
708 643 752 715 ad
769 643 874 716 solius
902 672 962 741 pc·

66 748 183 834 cuniae,
212 772 285 817 non
312 773 393 819 vero
427 746 518 819 lucri
544 746 799 819 restitutionem
824 747 963 833 teneri,

64 852 132 950 qnia
148 848 293 947 pecunia
320 848 364 921 de
384 878 423 923 se
444 850 567 927 sterilis
588 866 661 939 est,
691 866 725 925 et
753 850 893 923 lucrum
919 876 962 924 ex

64 952 284 1049 negotiatione
306 952 471 1026 haustum
497 956 633 1026 fruetus
661 971 712 1025 est
741 980 835 1026 mere
861 952 965 1027 intlu-

63 1056 178 1127 strialis.
198 1056 331 1129 Inferes
357 1058 378 1128 3
395 1114 409 1144 ‚.
424 1086 444 1129 a
461 1085 653 1155 possessore
680 1056 779 1130 malae
797 1057 879 1128 fidei
906 1056 965 1128 de-

63 1160 126 1230 beri
144 1158 282 1231 domino
302 1160 437 1233 l'ructus
457 1186 603 1249 ornnes,
628 1161 731 1233 etiam
748 1186 843 1233 mere
863 1159 966 1231 indu·

63 1262 200 1349 striatas,
226 1288 320 1359 quos
333 1263 391 1334 hio
422 1291 440 1335 e
459 1292 501 1335 re·
527 1292 588 1336 sua
607 1263 701 1335 licite
731 1263 965 1362 percepisset,

63 1364 205 1461 quamvis.
218 1364 278 1435 ille
298 1392 371 1437 non
391 1368 610 1465 perceperit,
637 1393 711 1439 non
730 1384 848 1439 autem
874 1393 967 1437 eom-

62 1466 285 1563 pensatiouem
303 1466 393 1539 lucri
408 1468 523 1541 illiciti
540 1498 590 1543 ex.
611 1496 659 1566 gr.
678 1468 850 1555 usurarii,
870 1468 966 1567 quod

61 1568 134 1641 inde·
148 1569 315 1643 dominus
326 1572 559 1669 percepisset,
579 1572 661 1671 quia
680 1597 784 1646 nemo
796 1571 967 1643 damnum

61 1672 121 1767 pati
143 1690 306 1745 censetur
326 1700 368 1744 ex
397 1675 587 1771 privatione
614 1674 734 1761 lucri,
764 1674 860 1773 quod
890 1673 966 1747 sine

58 1774 164 1847 morali
180 1774 444 1849 inordinatione·
460 1778 586 1850 habere
612 1803 687 1849 non
703 1793 848 1874 poterat.
873 1776 968 1849 Inle-

59 1902 103 1947 ras
119 1878 290 1966 tandem,¹
310 1878 453 1977 quodsi
483 1880 647 1952 dominus
673 1878 886 1977 pecuniam,
906 1896 967 1951 aut

60 1978 233 2053 atianrem
253 1981 460 2079 fungibilem
477 1998 714 2055 reservaturus
734 1998 806 2053 erat
824 1980 862 2052 in
882 1998 968 2053 tem·

59 2106 113 2177 pus
130 2111 197 2181 quo
217 2083 335 2182 pluris
349 2101 421 2157 erat
439 2085 587 2157 valitura·
601 2110 736 2184 ,quam
753 2083 854 2156 initio
874 2100 908 2155 et
927 2084 967 2155 fi-

59 2210 96 2255 ne
114 2201 177 2257 tuae
195 2185 337 2283 injustae
356 2187 601 2284 possessionis,
627 2187 756 2260 teneris
775 2187 872 2259 hunc
895 2213 967 2261 ma*

58 2286 156 2403 jurem
172 2289 340 2362 valorem
345 2290 487 2362 domino
519 2290 738 2388 rependere3
765 2316 865 2361 secus
883 2316 965 2362 vero

58 2388 164 2463 sinon
184 2406 260 2463 erat
283 2408 528 2465 reservaturus.
548 2395 592 2469 In
623 2420 705 2467 casu
724 2409 841 2464 autem
868 2390 967 2464 dubii

58 2490 124 2587 plns
150 2494 310 2567 minusve
338 2522 401 2596 pro
433 2494 590 2593 ejusdem
616 2495 716 2567 dubii
745 2495 879 2568 ratione
913 2522 967 2568 re-

60 2594 284 2671 stituendunn

338 2768 746 2880 carnrtn'

239 3012 302 3085 D'e
321 3012 446 3085 Paetis
465 3026 500 3084 et
519 3005 783 3085 Contractibus.

155 3218 189 3313 S.
211 3220 304 3335 294.
321 3214 531 3289 Dominium
554 3216 596 3288 ab
615 3242 689 3289 uno
714 3214 753 3286 in
772 3213 879 3287 alium
894 3242 966 3315 per

59 3312 194 3393 liberam
211 3320 396 3419 utriusque
415 3318 630 3393 voluntatem
640 3317 854 3391 suflicrenter
873 3335 966 3389 exte-

59 3419 123 3491 rius
142 3424 296 3496 declarat
283 3442 353 3496 tam
363 3423 565 3497 naturaliter
583 3421 762 3495 transferri
780 3420 964 3492 docuimus

62 3521 116 3636 (S.
138 3528 263 3625 286.).
290 3528 368 3601 Jam
397 3554 477 3601 vero
507 3528 579 3599 haee
607 3543 729 3598 mutua
759 3522 966 3611 conventia,

59 3624 142 3701 sicut
162 3630 268 3703 etiam
286 3630 372 3703 alius
396 3630 541 3730 quilibet
559 3630 711 3703 duorum
728 3627 783 3699 vel
812 3625 966 3723 plurium
