2384 4442
872 473 920 544 33

13 552 16 593 l
59 573 347 648 Arriondicens
362 604 371 647 ι
384 608 398 643 «
410 574 496 646 ratio
514 575 687 648 mendacii
699 575 845 648 sumitur
864 603 882 646 a
902 570 971 648 foi·-

13 716 16 746 ;
59 679 140 748 mali
159 677 330 764 falsitate,
351 705 393 748 ex
405 679 473 748 hoc
493 678 624 750 scilicet
641 679 754 776 ‚quod
773 679 895 780 aliquia
914 679 976 750 ha·

59 781 116 852 bet
134 780 484 858 voluntatemfalsum
496 781 684 852 eunciandi
700 781 812 873 3unde
824 797 857 852 et
875 807 972 852 men·
1059 845 1067 865 ,

58 883 199 956 dacium
216 883 417 955 nominatur
428 911 470 954 ex
489 910 531 954 eo
547 884 663 981 ‚quod
684 900 803 954 contra
820 901 973 955 mentem

58 987 242 1058 dicitur..
263 985 360 1058 ..Et
386 985 465 1057 ideo
495 985 524 1056 si
553 985 631 1086 q'uis
656 985 780 1058 salsum
808 987 974 1059 enunciet

59 1090 205 1161 credens
223 1088 260 1160 id
279 1115 350 1161 cese
369 1090 516 1175 verum,
536 1105 587 1160 est
606 1088 749 1188 quidem
761 1086 885 1159 salsum
902 1116 973 1159 ma-

14 1224 15 1227 *
58 1191 244 1278 terialiter,
264 1192 323 1262 sed
342 1219 416 1263 non
434 1192 646 1280 formaliter,
670 1191 752 1290 quia
775 1191 901 1262 salsitas
921 1207 971 1262 est

57 1312 179 1393 praeter
199 1294 431 1365 intentionem
456 1293 617 1368 dicentis.
638 1351 646 1366 .
668 1350 675 1367 .
697 1351 703 1366 .
726 1293 831 1390 Quod
856 1309 971 1366 autem

57 1397 180 1496 aliquis
200 1397 360 1468 intendat
377 1395 558 1470 salsitatem
582 1397 620 1470 in
640 1395 803 1495 opinione
831 1397 971 1468 alterius

58 1501 284 1585 constituere·⁹
296 1527 369 1570 non
388 1500 538 1598 pertinet
556 1501 600 1571 ad
619 1499 770 1596 speciem
780 1499 969 1586 mendacii,

57 1603 114 1674 scd
133 1603 178 1676 ad
198 1602 372 1700 quandam
389 1602 638 1699 perfectionem
657 1603 762 1700 ipsius
775 1634 802 1674 n,
815 1601 859 1674 Et
883 1602 971 1699 (Ar-

57 1711 111 1779 tic.
121 1707 152 1778 3.
160 1705 215 1777 nd
223 1708 271 1803 4.)
284 1705 506 1776 mendacium
523 1732 597 1777 non
617 1705 729 1777 solum
745 1706 849 1777 hahet
867 1704 968 1778 ratio-

56 1835 137 1879 nem
155 1807 293 1907 peccati
322 1835 365 1880 ex
394 1807 543 1893 damno,
562 1807 658 1906 quod
680 1808 835 1905 proximo
866 1805 972 1877 inler-

56 1927 137 1998 tur,
156 1910 221 1982 sed
240 1938 282 1983 ex
307 1937 369 1982 sua
394 1909 660 1983 inordinatione.
688 1910 771 1984 Non
796 1907 880 1982 licet
910 1935 968 1980 au-

56 2030 126 2086 tem
143 2014 261 2112 aliqua
286 2013 406 2084 illicita
431 2011 687 2086 inordinatione
713 2013 766 2084 uti
791 2012 834 2084 ad
861 2011 971 2110 impe-

57 2117 226 2188 diendum
248 2132 486 2203 nocumenta,
513 2133 547 2188 ct
564 2117 720 2188 defectus
739 2115 894 2192 aliorum.
924 2113 969 2188 Et

59 2218 133 2290 ideo
147 2245 224 2290 non
244 2236 294 2290 est
311 2219 446 2290 licitum
464 2219 685 2291 mendacium
701 2219 815 2290 dicere
830 2219 879 2290 ad
898 2218 967 2289 hoc

60 2335 99 2388 nt
125 2320 249 2419 aliquis
279 2321 386 2392 alium
411 2347 671 2420 aquocumque
700 2322 856 2418 periculo
885 2320 974 2391 libe·

61 2439 154 2495 ret«
176 2422 271 2494 Hinc
301 2421 472 2495 Homerus
497 2424 646 2496 naturali
674 2423 806 2496 lumine
837 2423 964 2496 ductus

60 2526 248 2620 generatim
265 2526 332 2600 ait:

132 2649 185 2708 nte
206 2649 277 2706 mihi
293 2650 400 2709 invisus
418 2651 526 2728 pariter
545 2668 610 2706 cum
630 2647 758 2707 saucibus
775 2647 860 2715 Orci,

135 2725 226 2800 Cujus
240 2725 410 2782 mensaliucl
426 2725 542 2792 condit,
555 2744 642 2798 quam
658 2723 756 2800 lingua
770 2723 910 2800 profatur.

62 2821 105 2894 Et
117 2822 330 2899 Aristoteles:
349 2859 365 2895 n
379 2851 441 2923 per
459 2853 495 2898 ae
513 2821 736 2896 mendacium
754 2821 886 2894 soedum
905 2838 970 2912 est,

59 2942 92 2996 et
109 2926 331 3026 vituperabile
345 2959 374 2999 n.
388 2928 479 3001 Hinc
498 2927 602 3001 etiam
611 2924 829 3021 Augustinus
846 2925 968 2998 merito

58 3027 168 3100 Libro
187 3045 314 3102 contra
326 3031 560 3103 Mendacium
570 3029 704 3128 Cana.
715 3028 760 3101 de
771 3029 971 3102 Priscillia-

59 3134 155 3202 nistir
173 3131 228 3202 ait
251 3164 266 3200 a
290 3131 430 3204 Caeteris
449 3131 618 3206 hereticis
639 3131 896 3204 convincuntur
916 3159 967 3204 ea·

59 3258 93 3302 se
112 3232 257 3329 pejores.
276 3233 345 3332 Ipsi
365 3236 458 3306 enim
478 3234 567 3320 soli,
584 3231 641 3305 rel
658 3237 804 3307 maxime
831 3235 897 3332 ipsi
915 3261 971 3304 re·

14 3354 15 3361 ¹
59 3336 243 3431 periuntur
261 3337 304 3407 ad
322 3337 566 3409 occultandam
590 3361 689 3408 suam
714 3363 818 3435 quam
843 3351 969 3432 putant

13 3470 16 3493 ε
63 3437 238 3508 veritatem
259 3439 486 3536 dogmatizare
505 3439 728 3514 mendacium
740 3471 771 3510 n.

13 3547 15 3559 ¹
165 3542 198 3636 3
220 3541 303 3616 265.
321 3543 406 3616 Non
424 3560 541 3615 tamen
566 3543 763 3614 inficiamur
789 3533 969 3610 mendacia

14 3678 15 3687 κ
60 3667 160 3716 maere
178 3643 319 3742 jocosa,
337 3662 371 3718 ct
390 3647 564 3734 officiosa,
582 3671 656 3718 non
685 3642 831 3715 multam
856 3665 968 3738 respe-

591 3776 594 3786 .
683 3747 764 3818 2aa
