2384 4442
850 423 897 500 25

45 543 101 600 qno
121 522 204 582 alteri
221 522 434 594 benefacimus,
453 524 656 602 consanguinei
681 523 837 585 secundum
861 525 954 584 varios

42 620 119 657 casus
138 599 248 675 inpari
268 601 431 657 necessitate
452 600 592 679 spirituali
610 601 655 658 vel
678 601 828 678 temporali
854 601 956 678 praelc·

43 674 121 730 rendi
139 687 209 731 sunt
227 673 288 742 aliis
307 673 374 732 licet
391 675 557 732 melioribus
575 689 695 764 propter
712 677 870 734 naturalem
886 696 955 734 con-

44 749 239 824 junctionem,
260 768 325 824 quae
339 771 407 809 cum
427 750 462 808 sit
484 751 567 836 prior
579 751 680 808 ordine
693 763 801 807 nature
815 793 823 819 ,
839 763 868 808 et
904 771 955 808 rae-

43 836 222 900 supponatur
239 824 373 883 omnihus
392 823 463 894 aliis,
480 839 572 905 srtque
593 825 715 894 firmior,
728 836 757 882 ct
771 770 953 893 immobiior,

44 912 139 975 utpote
165 899 195 955 in
220 899 282 975 ipsa
305 913 409 958 natura
430 901 549 957 fundata
567 899 695 978 priorem
715 899 810 956 locum
828 900 955 976 postulat

41 973 70 1028 in
90 972 241 1031 dilectione
262 976 360 1049 quoad
378 977 456 1034 bona
474 975 570 1032 amicis
589 975 756 1052 appetibilia
763 986 771 1031 ε’
787 995 823 1032 ex
838 995 955 1032 cousen-

42 1048 148 1124 guineis
169 1069 238 1106 vero
258 1052 365 1108 caeteris
383 1049 503 1128 paribus
525 1051 698 1127 praefetendi
713 1062 795 1122 sunt,
814 1050 852 1106 ob
869 1053 957 1126 majo·

42 1143 99 1181 rem
114 1122 276 1180 naturalem
301 1112 534 1201 conjunctionem
553 1125 784 1204 propinquiores.

114 1206 151 1271 (2)
172 1199 218 1254 Ex
240 1202 456 1278 consanguineis
480 1222 560 1277 aeque
587 1200 760 1288 propinquis
781 1199 956 1286 preferendi

41 1273 68 1329 di
108 1273 208 1344 iores,
232 1295 281 1331 seu
301 1276 425 1352 aliquam
448 1276 479 1331 in
503 1277 748 1352 consanguinitate
772 1276 957 1334 eminentiam

36 1293 195 1420 ,habintesz
217 1369 282 1404 narn
301 1351 358 1408 hoc
377 1352 439 1428 ipso
460 1352 566 1411 carens
584 1352 702 1429 paribus
722 1364 788 1413 sunt
806 1352 893 1430 magis
913 1351 955 1406 di·

37 1422 167 1500 ligihiles.
190 1425 265 1481 Hinc
285 1425 360 1482 inter
376 1428 453 1504 ipsos
473 1448 578 1499 consan
600 1426 698 1484 uineos
713 1427 743 1482 in
763 1439 890 1494 extrema
906 1447 956 1484 ne·

41 1500 189 1568 cessitate,
219 1499 270 1556 ubi
301 1501 359 1558 rita
377 1503 556 1578 periclitatur
575 1449 709 1559 §arentes
728 1501 899 1580 proferendi
923 1501 956 1558 fi-

41 1573 104 1641 liis,
123 1575 233 1644 uxori,
252 1577 422 1652 caeterisque.
447 1579 491 1634 Ita
515 1578 607 1636 Divus
628 1578 754 1636 Thomas
776 1581 882 1651 Quoest.
909 1579 952 1634 26.

40 1651 129 1706 Artis.
155 1669 199 1705 11.
233 1651 314 1727 quia
325 1665 431 1738 praeter
449 1653 592 1730 sauguinis
618 1653 848 1728 conjunctionem
867 1652 956 1712 habet

43 1724 182 1782 rationem
202 1725 362 1811 principii:
385 1743 451 1784 sunt
470 1731 546 1784 enim
569 1727 746 1804 principium
766 1727 856 1783 nostri
876 1747 956 1794 esse,

40 1800 117 1874 quod
136 1813 183 1858 est
201 1798 311 1858 rosione
330 1802 527 1872 beneficium,
546 1816 574 1859 et
594 1801 811 1858 fundamentum
831 1801 867 1856 ad
888 1801 957 1856 reci·

40 1875 180 1950 piendum
197 1875 232 1930 ab
249 1845 303 1932 iiio
316 1877 463 1934 beneficio.
481 1881 569 1934 Extra
583 1877 774 1933 necessitatem
791 1889 957 1945 extremam,

40 1963 66 2004 et
83 1950 133 2006 ubi
163 1950 259 2026 agitur
277 1951 313 2008 de
338 1954 449 2028 proprii
474 1966 562 2010 status
586 1951 800 2010 conservatione
827 1971 902 2006 uxor
927 1963 957 2007 et

42 2024 93 2080 filii
112 2045 176 2082 non
197 2026 367 2103 emancipati
390 2031 473 2104 juxta
495 2029 619 2096 multos,
634 2027 761 2102 praeferri
782 2025 887 2082 debent
905 2045 958 2114 pa·

42 2101 173 2158 rentibus
200 2115 322 2177 propter
338 2104 488 2161 arctiorem
506 2104 537 2160 in
556 2102 702 2162 communi
725 2101 801 2158 rictu
821 2143 828 2168 ,
848 2115 877 2158 et
891 2114 956 2160 vrtae

44 2175 180 2233 societate.
190 2178 423 2251 conjunctionem
442 2179 497 2237 viri
512 2193 541 2237 et
555 2178 653 2236 uxoris
673 2177 825 2238 indicatam
847 2181 916 2234 Gen.
928 2197 952 2233 2.

48 2253 175 2306 ctMatb.
200 2271 241 2326 19.
260 2278 273 2305 ι(
290 2253 421 2312 Dimittat
439 2255 526 2312 bomo
542 2267 652 2330 patrem
674 2265 725 2310 etc.
740 2265 791 2309 »et
816 2253 883 2327 quia
903 2253 956 2308 bo·

46 2341 115 2379 num
133 2325 322 2397 familiarum,
338 2342 367 2385 et
381 2330 559 2406 Reipublicae
577 2329 608 2384 id
627 2328 760 2404 postulat.
782 2327 866 2382 Unde
887 2327 956 2382 San-

45 2411 104 2455 ctus
120 2401 247 2458 Thomas
270 2421 293 2458 2.
316 2423 340 2460 α.
363 2408 470 2480 Quoest.
493 2407 534 2463 26.
555 2405 619 2462 Art.
628 2403 654 2477 9.¹
674 2405 715 2460 acl
737 2424 758 2460 1.
779 2403 829 2460 ait:
849 2429 861 2456 a
879 2401 956 2462 Filiis

44 2475 129 2552 magis
151 2477 275 2534 debetur
289 2499 356 2536 cura
376 2480 587 2556 provisionis».
611 2477 725 2536 Castoris
740 2478 857 2555 paribus
876 2489 958 2552 pater

42 2551 238 2625 praeferendus
254 2567 294 2610 cst
312 2555 417 2611 matri:
438 2555 505 2642 quia
521 2567 562 2611 est
579 2553 767 2631 principalior
785 2573 817 2608 ac
832 2551 959 2608 nobilior

44 2645 129 2682 causa
148 2628 240 2683 nostri
259 2649 316 2686 esse
335 2630 496 2699 naturabs,
517 2643 603 2706 atque
626 2627 737 2684 familiae
761 2637 855 2700 caput.
877 2625 958 2682 Uxor

41 2701 225 2774 praeferenda
246 2703 332 2771 filiis,
356 2705 426 2780 quia
451 2718 493 2762 est
517 2725 574 2763 una
600 2724 664 2761 caro
693 2722 759 2759 cum
783 2699 885 2756 marito
901 2742 908 2768 ,
923 2713 958 2756 -et

41 2775 221 2904 principium
238 2784 246 2851 (
261 2781 389 2854 quamvis
405 2780 550 2858 passivum
566 2784 574 2850 )
591 2777 770 2841 liberorum
794 2774 845 2832 filii
866 2776 957 2832 fratri·

65 2870 97 2908 us
116 2853 306 2928 praeferendi,
326 2857 395 2931 quia
414 2876 479 2912 cum
500 2876 515 2909 a
536 2865 690 2932 parentum
718 2851 873 2910 substantia
889 2864 959 2908 tam·

42 2943 132 2998 quam
149 2927 267 2988 effectus
285 2931 445 3008 procedant
463 2944 531 2992 suut
548 2927 767 3007 conjunctiores.

146 3094 182 3188 S,
204 3093 288 3188 254.
308 3093 572 3169 Advertendum
593 3090 957 3180 2.,11eminemtene·

40 3193 69 3262 ri
96 3193 143 3264 ad
169 3197 382 3273 beneficium
407 3195 505 3289 alteri
533 3195 787 3294 praestandum,
816 3223 857 3266 ex
888 3223 958 3294 quo

40 3295 106 3366 sibi
125 3300 260 3396 major,
279 3301 334 3375 vel
354 3298 492 3398 aequalis
510 3297 687 3372 immineat
705 3298 899 3399 pernicies,
918 3323 958 3370 ac

40 3398 143 3470 alteri
161 3403 314 3496 utilitas3
334 3428 417 3474 cum
446 3402 541 3474 enim
559 3426 653 3472 amor
668 3401 779 3473 nostri
797 3424 959 3472 mensura

41 3527 117 3574 csse
137 3501 262 3578 debeat
279 3506 404 3578 amoris
422 3504 591 3591 aliorum,
611 3501 700 3576 clare
719 3517 833 3600 patet,
851 3499 960 3572 nemi·

42 3631 128 3680 nem
147 3609 263 3679 teneri
280 3609 324 3680 ad
342 3606 425 3680 alios
447 3607 633 3706 plusquam
651 3633 685 3678 se
705 3599 907 3700 diligendos.
966 3621 969 3628 ¹

152 3707 305 3767 Picentis.
314 3713 346 3771 V
344 3709 433 3765 otu.
720 3732 741 3778 2
764 3715 767 3719 '
