2384 4442
234 546 240 571 Ι
259 584 291 631 ut
306 570 504 649 praestantior,
520 570 656 639 firmior,
675 568 835 647 fortiorque
850 589 931 629 sexus
950 570 1070 646 sequiori
1085 570 1154 627 ists*

257 649 364 718 mimi,
384 660 414 705 et
436 646 615 704 imbecilliori
631 647 749 733 praesim
775 648 902 704 secundo
924 647 992 721 quia
1011 659 1074 703 teste
1088 649 1147 722 Apo

255 723 327 781 stolo
346 744 368 780 1.
388 724 520 781 chorint.
540 742 580 777 11.
599 736 683 778 cuam
703 722 895 779 abstrahendo
910 744 926 777 a
946 722 1026 797 lapsu
1040 722 1080 778 vir
1100 736 1147 777 tan-

258 818 347 873 quam
372 798 525 877 perfectius
544 796 727 855 individuum
746 812 835 873 caput
850 812 894 855 est
912 796 1036 852 mulieris
1047 816 1105 853 cum
1117 797 1149 853 vir

256 887 369 931 creatus
391 894 451 929 uon
471 873 506 929 sit
523 886 647 950 propter
672 872 845 942 mulierem,
865 873 915 930 sed
932 872 1035 929 mulier
1051 885 1150 947 propter
1172 905 1173 908 =

255 950 353 1007 virum
364 972 372 1015 3
385 947 411 1005 3.
428 950 496 1024 quia
511 960 638 1025 spectato
652 946 714 1004 solo
733 961 845 1005 naturas
860 962 936 1005 statu
963 960 991 1003 et
1012 948 1150 1003 abstrahen-
1172 977 1173 980 ¹

256 1023 295 1081 do
315 1024 351 1081 ab
371 1022 501 1099 originali
518 1023 648 1099 justitia,
663 1023 739 1081 inter
758 1024 876 1079 omnino
896 1022 1018 1099 aequales
1036 1021 1151 1089 difficilis,
1172 1075 1173 1092 2

255 1098 313 1155 imo
334 1101 393 1157 sere
413 1098 592 1175 impossibilis
620 1098 718 1156 suisset
738 1098 769 1153 in
784 1101 939 1155 necessaria
964 1097 1152 1155 cohabitatione
1172 1097 1173 1138 l

255 1173 340 1251 longa
361 1175 514 1233 concordia
530 1187 653 1253 propter
677 1174 803 1250 dispares
827 1174 946 1249 genios,
966 1173 1079 1230 adversa
1092 1174 1153 1248 inge·

255 1250 327 1317 nia,
352 1263 575 1326 temperamenta
599 1249 737 1306 rarissime
766 1262 954 1325 attemperata
982 1261 1011 1304 et
1031 1247 1173 1316 muliebriss

255 1345 339 1382 serus
369 1326 493 1382 nativam
516 1324 761 1393 imbecillitatem,
782 1325 853 1379 adeo
874 1338 907 1381 ut
921 1324 1052 1401 quasdam
1075 1322 1152 1379 uxoris

255 1400 469 1466 subordinatio,
498 1420 557 1476 qua
571 1402 711 1468 maritus,
727 1414 866 1475 tauquam
881 1413 971 1475 caput
985 1397 1090 1455 familia
1103 1419 1152 1474 per·

255 1474 367 1531 laetiori
382 1476 530 1533 intellectu
546 1476 581 1533 ab
596 1478 724 1535 Auctore
735 1489 846 1555 naturae
863 1475 989 1531 donatus
1002 1494 1113 1531 uxorem
1123 1472 1153 1527 di

253 1548 358 1625 rigeret
374 1552 410 1605 ad
425 1552 535 1607 bonum
554 1572 724 1619 commune,
743 1563 773 1607 et
788 1570 915 1607 amorem
930 1548 1073 1624 conjugali
1085 1546 1153 1603 statui

253 1622 363 1701 linique
383 1646 544 1701 congruum
561 1626 693 1684 videatur
712 1624 879 1701 simpliciter
900 1626 1074 1693 necessaria,
1093 1624 1153 1680 ideo·
1172 1649 1173 1696 3

253 1719 310 1773 que
323 1702 491 1759 naturaliter
506 1702 609 1758 debita.
627 1703 930 1777 Hinchrysostomus
945 1702 978 1757 in
989 1706 1037 1757 cit.
1047 1700 1153 1773 Aposto·
1172 1699 1173 1752 l

252 1776 382 1833 lilocum
396 1778 448 1835 ait:
463 1806 475 1833 a
490 1781 590 1835 merito
606 1777 719 1835 foemina
739 1777 802 1835 viro
818 1776 988 1850 subjicitur,
1002 1794 1068 1831 nam
1079 1794 1154 1850 aqua·

252 1848 316 1906 litas
340 1852 458 1909 honoris
474 1874 603 1930 pugnarn
617 1853 734 1931 parim
751 1872 815 1927 quas
837 1852 908 1907 ratio
928 1852 1010 1909 valet
1022 1852 1102 1907 etiam
1113 1870 1151 1925 pro

250 1938 327 1982 statu
350 1941 460 1985 naturae
481 1950 577 2005 pu1·ae;
601 1931 628 2001 4.
649 1930 717 2004 quia
745 1941 817 1985 teste
836 1926 970 2001 liuperto
998 1929 1061 1982 Lib.
1083 1924 1106 1981 3.
1126 1926 1152 1979 de

253 2002 343 2073 Oper.
367 2008 444 2060 Tria.
473 2008 545 2078 Cap.
568 2023 612 2061 21.
635 2004 725 2079 Apud
744 2000 863 2079 gentiles
879 2022 1023 2077 quoque,
1043 1999 1151 2077 quiscri·

248 2087 364 2151 pturam
382 2078 417 2133 de
433 2078 558 2136 mulieris
584 2080 760 2155 subjectione
780 2099 841 2133 nou
864 2076 1011 2154 legerant,
1026 2078 1073 2135 vel
1084 2076 1152 2150 hujus

248 2150 310 2204 veri
326 2150 436 2207 domini
451 2174 544 2229 praece
568 2168 595 2210 ta
611 2176 672 2209 non
688 2154 895 2221 observabant,
914 2153 978 2210 hac
993 2152 1042 2209 lex
1059 2164 1153 2207 natura·

247 2220 313 2280 liter
330 2226 435 2295 valuit,
450 2248 537 2301 quarn
546 2176 693 2287 boninus
708 2242 818 2285 namra
835 2228 874 2285 im
896 2229 973 2284 osuit
996 2228 1091 2285 dicens
1105 2245 1152 2280 mu

247 2296 339 2355 lieri«
357 2302 410 2357 sub
426 2301 481 2359 viri
493 2318 634 2379 potestate
649 2305 703 2362 eris
716 2347 726 2373 ‚
740 2317 770 2361 et
790 2304 850 2381 ipse
886 2304 1066 2360 ominabitur
1085 2302 1120 2357 tui
1130 2323 1152 2353 s.
1172 2305 1173 2366 ᾖ

248 2374 387 2444 Quaedam
409 2392 504 2434 tamen
521 2380 651 2437 barbarae
670 2379 799 2437 nationes
821 2380 894 2437 sicut
914 2391 1020 2436 caetera
1038 2378 1076 2434 ita
1091 2377 1153 2432 hunc
1172 2389 1173 2412 ³

246 2461 357 2507 natura
383 2454 514 2511 ordinem
540 2457 736 2513 confuderunt
758 2498 767 2525 ,
786 2468 820 2512 ut
838 2454 942 2511 mulier
973 2453 1035 2511 sine
1055 2453 1152 2527 eapite,

176 2588 186 2599 ,
246 2524 322 2583 idest
341 2528 400 2586 sine
420 2528 482 2587 viro
508 2552 595 2607 super
615 2532 691 2589 viros
713 2542 812 2609 ageret
828 2542 1023 2607 potestatem,
1039 2542 1068 2585 et
1082 2530 1154 2602 impe

245 2601 328 2663 tium.
347 2605 393 2665 Sic
409 2604 555 2663 Diodorus
576 2608 638 2664 Lib.
659 2610 773 2681 1.Cap.
793 2625 835 2683 27.
851 2607 956 2674 refert,
982 2604 1065 2681 apud
1078 2605 1153 2677 Aegy·
1172 2623 1173 2668 i

243 2679 320 2753 ptius
336 2679 366 2735 in
378 2682 459 2739 Isidis
474 2682 615 2739 honorem
634 2695 783 2771 receptum
804 2702 880 2747 esse,
899 2694 933 2737 ut
955 2681 1024 2756 plus
1046 2690 1152 2754 potesta
1172 2677 1173 2742 l

241 2754 293 2824 tis,
313 2770 342 2813 et
355 2758 475 2817 honoris
491 2758 526 2815 sit
559 2778 625 2815 enes
640 2758 801 2834 flegmata,
825 2776 913 2833 quam
932 2776 1023 2831 penes
1037 2755 1152 2830 Regem,

242 2830 322 2913 §tin
349 2833 451 2891 tabulis
476 2780 620 2890 dotalibus
645 2834 721 2889 iuter
746 2834 874 2911 privatos
898 2830 1024 2906 impium
1048 2830 1152 2886 soernine

297 2906 393 2963 virum
414 2910 464 2965 assi
488 2923 595 2978 netur,
615 2908 666 2964 ubi
680 2910 821 2965 uxoribus
835 2929 889 2983 per
902 2904 999 2963 omnia
1015 2928 1046 2962 sc
1060 2906 1151 2960 obtem·

238 2922 391 3053 araturos
403 2930 586 3059 prolitentur.
604 2985 670 3041 lluc
684 2984 771 3041 etiarn
790 2984 890 3041 referri
905 2994 1001 3058 potest
1021 2982 1153 3036 matrimo-

237 3052 319 3107 nium
331 3056 558 3129 Amazonicum‚
585 3058 621 3117 de
642 3080 701 3135 quo
713 3059 860 3116 Diodorus
881 3060 945 3113 Lib.
966 3074 991 3111 2.
1012 3060 1087 3129 Cap.
1102 3055 1151 3125 45st

239 3152 254 3181 ⁸
267 3144 462 3191 verumtamen
479 3156 538 3191 nou
554 3148 612 3193 tam
626 3137 686 3210 jus,
702 3148 753 3191 aut
768 3135 830 3202 lex,
846 3154 934 3210 quam
953 3130 1105 3207 usurpatio
1119 3128 1151 3185 di·

237 3202 328 3259 canda
350 3218 391 3261 est
400 3230 422 3261 s.
440 3210 499 3266 Nec
511 3210 586 3267 dicas
597 3211 747 3267 mulierem
762 3211 798 3267 ab
813 3210 940 3267 Auctore
952 3218 1068 3262 natura
1083 3226 1147 3264 crea·

236 3291 295 3335 tarn
314 3298 371 3365 esse
397 3281 427 3337 in
450 3285 627 3359 adjutorium
649 3286 705 3344 viri
724 3299 861 3362 tanquam
885 3285 989 3341 sociam
1005 3294 1037 3337 et
1051 3282 1145 3359 speria

234 3354 292 3412 lem
317 3374 436 3413 ammam
455 3359 514 3415 sine
534 3363 716 3437 subjectionis
739 3361 952 3438 imperfectione
971 3399 980 3426 ,
998 3377 1066 3431 quae
1087 3377 1147 3412 uou-

234 3431 289 3488 nisi
309 3430 339 3487 in
354 3453 469 3509 poenam
492 3446 595 3492 statuta
615 3438 738 3514 legitur:
760 3437 837 3493 unde
851 3436 960 3512 scripsit
975 3433 1144 3518 Augustinus

235 3514 265 3565 in
280 3514 348 3567 Gen.
362 3510 387 3567 3.
401 3514 467 3571 Ver.
484 3510 544 3567 162.
556 3513 656 3568 «Uxor
670 3513 804 3570 maritum
815 3512 921 3567 babere
937 3520 1045 3565 meruit
1057 3506 1146 3564 Domi·

233 3602 305 3640 nium
324 3606 384 3645 nou
403 3600 525 3659 natura,
544 3587 595 3645 sed
614 3588 702 3666 cidps
721 3612 748 3646 s.
768 3588 842 3645 Nam
861 3587 989 3645 osticium
1005 3580 1146 3657 adjutorii,
1172 3629 1173 3672 p
