2384 4442
251 425 298 498 w
462 530 808 635 ,eaeurv.

215 736 275 809 De
294 735 473 839 Perfeotis
488 762 577 859 erge
594 742 686 810 alios
698 737 836 839 Officiis
853 734 1097 837 hypotheticis

557 866 596 911 ne
610 866 755 937 genere.

300 1048 333 1141 g.
356 1043 441 1143 267.
463 1042 590 1119 Officia
601 1044 790 1132 naturalia,
807 1060 849 1116 ut
861 1044 1004 1117 Grotius
1024 1046 1115 1143 opti-

200 1176 255 1222 me
274 1146 445 1238 advern't,
472 1174 547 1219 non
571 1147 663 1219 cirea
682 1174 723 1219 ea
739 1163 877 1220 tantum
904 1165 1116 1235 versantur,
1181 1217 1182 1220 ,

198 1280 275 1351 quae
296 1251 381 1323 citra
407 1249 622 1323 voluntatem
638 1250 827 1321 humanam
845 1250 1020 1337 existunt,
1051 1250 1116 1322 sed

197 1355 300 1427 etiam
312 1353 403 1425 circa
413 1351 621 1451 plura,quae
631 1354 792 1425 humanae
800 1351 986 1425 voluntatis
995 1369 1116 1425 actum
1181 1363 1182 1436 l

200 1473 474 1554 consequuntur.
499 1456 618 1529 Multa
640 1455 813 1552 siquidem
831 1456 945 1529 officia
973 1472 1117 1528 natura·

197 1560 244 1630 lia
263 1558 381 1630 locum
391 1584 464 1629 non
483 1557 696 1645 habent,nisi
713 1558 752 1629 in
763 1558 945 1655 hypothesi
962 1558 1115 1655 alicujus
1181 1585 1182 1608 1

197 1660 298 1733 liberi
317 1660 399 1731 facti
417 1660 526 1732 nostri
544 1660 599 1731 vel
616 1660 729 1733 alieni
741 1660 841 1737 Talia
858 1677 941 1733 sunt
960 1689 1038 1759 quae
1057 1689 1115 1733 re·

199 1791 279 1835 rum
304 1762 522 1849 dominium,
548 1778 649 1860 pacta
664 1779 910 1850 ,contractus,
929 1763 1118 1836 laesionum
1181 1781 1182 1794 ³

197 1866 465 1965 reparationem,
481 1892 520 1937 ac
539 1865 692 1963 denique
710 1864 942 1964 peculiarium
958 1882 1117 1938 statuum
1181 1953 1182 1960 ἵ

136 1981 143 1997 “
202 1970 426 2065 obligationes
453 1968 653 2065 respiciunt
680 1967 736 2039 De
763 1968 817 2041 his
844 1996 926 2064 ergo
950 1969 1116 2041 omnihus

199 2072 394 2165 agendum,
421 2086 461 2141 ut
479 2097 542 2169 pro
572 2070 651 2141 data
677 2070 745 2143 fide
775 2070 909 2143 nedum
931 2070 1117 2158 absoluta,
1181 2093 1182 2160 t

200 2174 260 2245 sed
280 2172 383 2243 etiam
400 2170 621 2269 hypothetica
651 2199 731 2268 erga
749 2173 832 2245 alios
852 2174 966 2245 officia
993 2174 1119 2247 saltem

200 2274 341 2349 summis
360 2275 458 2345 labiis
477 2274 679 2349 delibemus.
699 2275 776 2349 Nee
794 2301 901 2349 mora.

402 2438 406 2447 ’
487 2477 826 2557 capurvr

248 2688 308 2759 De
327 2688 498 2759 Dominio
517 2690 556 2757 in
571 2708 707 2783 genere
724 2690 874 2787 ejusque
892 2686 1073 2764 divisione.

305 2892 339 2987 §-
361 2890 444 2967 268.
463 2889 670 2964 Dominium
687 2890 726 2960 in
746 2917 872 2986 genere
891 2892 1058 2968 dividitur
1077 2895 1121 2966 in

129 3016 131 3021 '
203 2994 707 3091 dominiumjurisdictionis,et
719 2992 915 3067 dominium
924 2998 1122 3095 proprieta-
1181 3001 1182 3004 '

11 3087 25 3105 '⁴
203 3098 255 3169 tis.
276 3096 455 3185 Primum,
474 3098 518 3170 de
537 3124 610 3197 quo
628 3096 685 3168 hic
705 3123 779 3168 non
808 3099 966 3194 agimus,
986 3116 1038 3171 est
1056 3101 1120 3195 jus
1181 3139 1182 3146 ,

203 3198 435 3297 gubernandi
448 3202 602 3273 subditos
624 3198 663 3270 in
681 3197 837 3295 ipsorum
864 3202 1091 3275 commodum
1109 3234 1122 3295 3

202 3302 488 3377 secundumvero
508 3322 570 3377 est:
584 3334 599 3369 u
610 3301 666 3397 jus
685 3301 729 3372 de
748 3329 786 3373 re
802 3304 917 3402 aliqua
928 3306 1125 3403 disponen·
1181 3281 1182 3348 l

203 3410 239 3479 di
257 3432 319 3506 pro
338 3406 451 3479 lubitu
465 3434 546 3479 cum
557 3403 755 3477 exclusione
767 3406 937 3496 aliorum,
955 3408 1023 3482 nisi
1039 3408 1125 3495 lex,
1181 3449 1182 3532 p

203 3512 256 3583 vel
275 3526 415 3608 pactum
434 3510 572 3582 obsistat
581 3506 706 3603 »3quia
724 3506 890 3581 nimirum
909 3511 965 3583 lex
983 3511 1039 3581 vel
1111 3556 1126 3567 -

203 3625 323 3698 etum,
343 3630 382 3685 ut
400 3614 491 3685 infra
515 3607 730 3712 videbimus,
754 3610 811 3707 jus
839 3613 1027 3686 exercendi
1054 3539 1125 3687 lo-
