2384 4442
852 478 924 553 119

39 546 149 643 gitur
167 545 241 618 viro
261 564 301 619 ut
321 548 422 621 socia.
442 546 486 622 Et
504 548 572 623 hoo
591 550 709 625 deerat
734 554 772 626 in
790 553 869 644 bis,
896 584 976 655 quae

37 650 263 721 concubina
283 651 564 725 nominabantur.
585 653 630 727 In
647 656 714 727 hoo
734 658 827 728 enirn
838 674 974 755 poterat

36 780 124 825 esse
145 751 380 850 dispensatio,
401 782 482 827 cum
502 756 546 827 sit
564 756 789 829 secundarius
800 762 974 835 matrimo-

34 855 92 925 nii
118 856 215 927 finis.
242 856 286 927 Et
306 884 347 929 ex
377 856 442 929 hac
463 859 566 930 etiam
594 877 691 957 parte
715 860 887 931 habebant
913 864 974 934 ali·

34 957 136 1057 quid
168 958 277 1031 simile
308 960 540 1051 concubinis,
570 960 605 1035 vi
635 964 736 1061 cujus
768 964 973 1036 concubinae

34 1061 326 1135 nominabantur
349 1064 359 1162 (
366 1065 400 1163 2)
420 1093 459 1137 s.

123 1296 164 1363 (r)
187 1292 357 1369 Opponitur
376 1292 429 1349 Dei
449 1306 629 1369 praeceptum
649 1294 731 1353 Osca
754 1312 776 1349 r.
796 1294 901 1352 «Vade
926 1312 972 1352 tu·

30 1386 79 1423 me
106 1366 166 1423 tibi
184 1388 304 1423 uxorem
325 1368 524 1436 fornicariam,
546 1382 574 1426 et
589 1370 633 1427 fac
652 1371 704 1427 tibi
720 1370 793 1425 filios
809 1370 971 1427 fornicatio-

30 1462 114 1498 num
130 1466 154 1497 ».
166 1442 216 1497 At:
227 1469 239 1495 «ι
256 1443 326 1516 quid
342 1442 571 1499 iniruicum'frdei
589 1445 758 1501 Christianae
775 1444 970 1520 (Augustinus

31 1520 102 1573 Lib.
133 1520 220 1574 Cont.
245 1520 452 1574 Seoundianum
480 1522 553 1593 Cap.
580 1526 650 1591 21.)
670 1520 692 1575 si
713 1519 848 1576 meretrix
873 1519 971 1576 relicta

28 1592 235 1651 fornicatione
250 1592 281 1647 in
296 1606 403 1649 castum
424 1595 591 1671 conjugium
607 1596 867 1653 commuteturi...
892 1595 971 1651 Corn

29 1668 226 1726 meretricem
247 1668 389 1753 propbeta
415 1669 481 1726 fecit
507 1690 650 1739 uxorem,
669 1683 698 1727 et
717 1670 753 1724 ad
775 1670 860 1726 vitam
881 1668 971 1725 corri·

27 1744 171 1819 gendam
186 1742 297 1799 muheri
314 1743 477 1800 consultum
489 1758 547 1813 est,
568 1758 596 1801 et
610 1746 708 1821 figurae
725 1758 967 1802 sacramentorum

28 1838 212 1895 expressum
228 1841 250 1873 υ.
263 1820 326 1874 Hoc
340 1821 415 1875 enim
429 1820 534 1876 factum
550 1821 746 1905 praefiguravit
762 1819 869 1875 Christi
886 1820 968 1875 unio·

27 1914 102 1951 nem
127 1913 199 1951 cum
218 1893 342 1951 Ecclesia
365 1894 433 1951 olim
459 1894 579 1969 gentih,
601 1907 630 1951 et
650 1896 729 1953 omni
749 1894 901 1951 criminum
920 1915 968 1969 go·

27 1991 103 2027 nere
128 1968 342 2043 coinquinata,
384 1990 426 2025 uae
443 1970 558 2025 Christo
576 1971 655 2027 unita
671 1969 852 2026 immaculata
868 1970 968 2038 evasit,

26 2045 111 2102 filios
130 2044 214 2120 prius
229 2044 346 2119 gentiles
362 1989 481 2112 babuit,
496 2044 527 2101 iu
542 2043 645 2119 spiritu
660 2046 757 2119 gratia
772 2046 832 2119 ejus
849 2044 967 2120 adopta-

25 2133 86 2191 tos,
99 2133 134 2176 et
143 2138 236 2175 novos
247 2119 432 2193 spiritualiter
443 2120 549 2195 genuit.
564 2120 639 2176 Hinc
651 2120 863 2195 Hieronymus«
874 2139 967 2195 queue

24 2209 55 2253 to
78 2196 139 2251 illa
157 2193 303 2251 sordidior
321 2208 385 2264 est,
403 2208 482 2252 tauto
499 2195 644 2271 propheta
660 2195 837 2271 patientior,
857 2194 908 2270 qui
924 2208 965 2251 ta-

24 2272 85 2329 lem
107 2268 200 2327 duxit
213 2289 332 2325 uxorem
344 2292 366 2325 r.
387 2270 465 2327 Illud
485 2283 611 2326 autemea
628 2273 669 2327 fac
684 2271 735 2327 tibi
751 2270 824 2327 filios
844 2269 966 2327 fornica-

24 2349 180 2404 tionum»
201 2343 247 2403 vel
267 2345 304 2401 sic
325 2344 445 2421 intelligi
452 2357 578 2477 dpotest:
599 2345 715 2422 acquire
738 2347 789 2403 tibi
808 2344 966 2421 adoptione

25 2423 137 2488 filios,
160 2440 233 2494 quos
252 2419 301 2475 illa
321 2420 451 2479 fornican
473 2442 490 2476 o
510 2434 688 2497 pepererat,
713 2442 748 2478 eo
769 2422 858 2478 ferme
877 2433 964 2495 pacto

23 2520 89 2575 quo
110 2499 294 2555 Genes.12V.
303 2494 327 2552 5.
343 2492 499 2564 ¹Abraham,
508 2496 611 2553 ctSara
621 2497 768 2572 inegressu
780 2494 816 2550 de
826 2497 904 2551 Aran
918 2508 966 2554 tu-

23 2575 92 2632 lisse
120 2572 263 2627 dicuntur
278 2590 375 2627 omnes
395 2572 500 2629 aniuras
516 2613 525 2641 ,
544 2592 615 2646 quas
637 2571 677 2626 ibi
693 2571 840 2636 fecerant,
859 2590 964 2645 nempe

23 2648 232 2726 acquisierant
251 2645 297 2703 vel
317 2645 483 2734 emptione,
500 2659 528 2703 et
542 2645 690 2703 nativitate
710 2664 747 2699 ex
762 2662 863 2699 eorum
876 2644 964 2699 ancii-

21 2726 82 2795 iis,
110 2722 163 2779 vel
195 2742 239 2777 eas
259 2721 296 2777 ad
313 2742 375 2778 ren
395 2723 449 2778 Dei
475 2720 586 2778 cultum
605 2716 800 2777 convertendo
818 2756 827 2783 ‚
845 2729 875 2773 et
894 2717 964 2775 huic

21 2795 271 2875 interpretationi
293 2798 390 2853 favent
406 2796 527 2856 Codices
542 2794 677 2862 Hebraei,
697 2791 813 2858 Graeci,
835 2790 963 2849 etmulti

18 2875 124 2934 latini.
139 2872 236 2944 (Vide
262 2873 372 2931 Calmet
394 2872 468 2941 tic,
494 2882 523 2928 et
547 2872 674 2945 Sylvium
696 2872 803 2942 Quaest.
836 2884 895 2921 roo.
913 2888 963 2922 ar·

18 2959 71 3011 tic.
94 2954 139 3019 8.)
163 2947 214 3003 ubi
232 2966 291 3001 non
311 2946 418 3023 legitur
434 2948 477 3005 sac
497 2947 566 3013 tibi,
582 2946 632 3001 sed
651 2964 731 3000 sume
751 2941 802 2998 tibi
823 2958 966 3010 uxorem,

17 3042 49 3086 ct
71 3024 161 3083 filios
177 3022 407 3089 fornicationum
425 3024 470 3081 vel
486 3022 650 3085 dicendum,
667 3018 741 3075 filios
761 3036 859 3073 omnes
875 3036 962 3091 gene-

17 3102 143 3163 randos
166 3098 224 3155 dici
242 3096 315 3154 filios
336 3098 576 3166 fornicationum,
597 3096 664 3171 quia
681 3094 744 3150 ilios
759 3112 896 3177 generare
912 3091 961 3147 do-

14 3180 121 3237 bebat
143 3194 180 3230 ex
199 3172 318 3229 muliere
337 3172 417 3248 prius
437 3172 595 3230 fornicaria.
619 3169 766 3244 Scriptura
787 3186 864 3222 enrm
886 3167 961 3223 solet

16 3248 193 3330 aliquando
209 3268 360 3323 personam
376 3249 535 3335 exprimere
550 3268 585 3304 ex
596 3245 694 3322 aliquo
708 3245 864 3319 adjuncto,
877 3242 960 3317 quod

14 3332 113 3409 prius
134 3324 284 3392 habebat,
305 3344 435 3398 quamvis
454 3337 553 3401 postea
572 3322 622 3378 illo
641 3333 742 3378 careat.
765 3319 811 3375 Sic
827 3317 958 3373 nomina-

14 3422 88 3464 tum
105 3400 231 3478 legimus
248 3399 395 3457 Simonem
410 3402 567 3476 Leprosum
589 3398 684 3453 Mart.
711 3398 753 3452 26.
781 3398 861 3450 Mar.
882 3394 922 3462 14.
940 3414 956 3447 a

14 3483 138 3561 lepra,
160 3494 249 3551 quarn
269 3486 352 3529 antea
394 3496 469 3532 assus
489 3476 592 3530 fuerat.

104 3549 296 3611 Innocentius
310 3550 344 3605 X.
399 3550 507 3611 mnavit
517 3547 766 3627 propositionem:
785 3571 798 3599 a
811 3545 955 3601 Fornica-
