2384 4442
240 425 263 498 6

177 526 263 602 tiam
281 548 389 608 status
408 540 540 629 civilis,
560 543 623 642 qui
650 541 839 618 definitur:
863 575 878 614 o
901 572 941 618 ea
960 548 1108 623 vivendi

180 633 359 749 penditio,
390 671 467 740 quae
485 645 720 744 multiplicatis
739 645 954 737 hominibus,
974 670 1103 726 natura

176 763 251 834 ipsa
268 742 451 841 suadente,
469 748 669 820 introducta
689 765 739 820 est
758 749 850 820 inter
871 751 1031 828 homines
1043 775 1102 844 ,et

182 840 437 939 subjectionem
455 850 617 950 importat
643 851 777 922 nedum
807 855 1048 944 naturalibus,
1069 877 1105 930 et

184 944 331 1040 positivo
357 950 506 1040 di'vinis,
526 954 588 1026 sed
608 953 715 1026 etiam
741 954 898 1027 civilibus
918 957 1105 1054 legibus».

185 1045 351 1149 Denique
380 1081 462 1127 cum
488 1084 562 1128 non
600 1083 720 1128 omnes
746 1056 939 1146 homines,
970 1062 1031 1158 qui
1057 1063 1105 1133 ad

183 1149 319 1225 civilem
338 1172 467 1230 statum
485 1160 721 1246 transierunt,
748 1186 857 1230 unam
876 1162 1104 1263 eamdemque

183 1252 321 1328 civilem
339 1260 540 1334 societatem
558 1261 828 1350 constituerint,
859 1264 919 1334 sed
945 1264 1061 1362 plures
1082 1297 1105 1340 a

179 1382 216 1426 se
242 1376 367 1432 mutuo
401 1363 704 1462 independentes,
733 1391 810 1464 quae
838 1363 1038 1455 Nationes,
1068 1387 1106 1441 et

181 1456 313 1530 Gentes
340 1463 411 1534 diei
437 1482 657 1558 sueverunt3
690 1466 774 1538 hino
804 1484 911 1540 status
942 1471 1105 1564 gentium:

177 1576 295 1632 ortum
311 1563 456 1654 habuit,
475 1568 537 1668 qui
556 1568 695 1640 definiri
714 1586 839 1667 potest:
851 1601 868 1648 v«
881 1598 920 1642 ea
940 1574 1104 1668 gentium

181 1660 322 1736 vivendi
340 1670 522 1759 conditio,
549 1671 587 1742 in
607 1698 675 1770 qua
695 1672 775 1770 ipsae
795 1671 873 1744 solis
898 1687 1031 1746 naturae
1061 1704 1104 1748 ac

181 1763 300 1840 divino
328 1773 479 1869 positivis
497 1773 635 1870 legibus
653 1773 823 1846 obstricta
843 1791 925 1846 sunt
947 1807 962 1843 r>
980 1805 989 1869 3
1017 1803 1108 1875 prae·

180 1865 374 1946 scindendo
411 1877 581 1950 nimirum
617 1904 637 1948 a
671 1875 803 1948 mutuis
840 1877 1111 1974 particularium

106 1963 115 1981 ’
181 1973 340 2064 gentium
357 1979 488 2074 pactis,
509 1997 544 2050 et
563 1978 863 2050 conventionibus.

281 2080 315 2173 S.
338 2080 421 2152 226.
441 2082 551 2153 Porro
570 2081 614 2152 de
634 2079 783 2154 naturali
802 2080 986 2154 hominum
1005 2099 1098 2156 statu

182 2179 280 2274 juxta
307 2199 461 2254 nostram
490 2183 731 2256 definitionem
754 2185 811 2280 (§.
827 2181 934 2282 225.)
958 2204 1104 2284 accepto

180 2283 323 2372 mirum,
342 2303 429 2383 quot
447 2287 571 2360 sabula
588 2286 721 2358 nedum
733 2313 753 2356 a
766 2285 904 2376 Poetis,
923 2286 982 2358 sed
1003 2289 1110 2382 etiam

182 2414 203 2460 a
221 2386 439 2486 Philosophis
458 2391 598 2487 prolata
617 2391 697 2462 sint.
728 2388 907 2462 Rousseau
926 2391 964 2461 in
983 2391 1105 2487 primis

69 2530 73 2538 =
184 2493 340 2589 quamvis
352 2493 395 2562 in
412 2493 526 2564 libide
544 2497 702 2587 origine,
712 2509 747 2562 et
750 2490 1003 2592 fitnduneentis
1022 2499 1109 2566 intr-

184 2600 368 2696 quult'tutr's
385 2600 484 2668 inter·
498 2593 660 2667 horines
678 2593 784 2668 dicat:
797 2595 1027 2690 «negandum
1042 2596 1109 2668 ho-

189 2700 300 2772 mines
329 2700 433 2772 etiam
458 2713 539 2770 ante
566 2697 739 2770 diluvium
767 2714 921 2795 repertos
950 2725 1114 2796 unquam

186 2802 294 2874 fuisse
310 2804 350 2875 in
361 2818 555 2903 purostatu
562 2798 786 2888 naturae‚nisi
805 2802 893 2873 forte
909 2801 947 2872 in
959 2801 1110 2875 eumin·
1190 2887 1191 2892 ἵ

188 2903 338 2974 ciderint
357 2907 401 2976 ob
421 2902 734 2977 extraordinarium
750 2902 903 3001 aliquem
925 2920 1113 2979 eventum:

188 3004 403 3102 paradoxum
421 3008 464 3078 ad
483 3004 751 3078 defendendum
765 3005 1048 3092 incommodum,
1064 3007 1115 3079 ad

187 3107 413 3206 probandum
443 3108 651 3207 impossibile
668 3140 683 3176 o
704 3137 714 3202 3
735 3108 963 3200 nihilominus
1001 3109 1113 3206 paulo

188 3227 266 3309 post
284 3211 423 3284 subdit:
437 3243 453 3279 «
477 3212 511 3284 Ο
530 3214 638 3284 homo,
656 3212 910 3311 cujuscumque
930 3210 975 3282 sis
995 3211 1113 3307 regio.-

188 3314 267 3402 nis‚
296 3330 331 3385 et
350 3313 557 3411 opinionum
575 3315 682 3388 audi:
711 3341 757 3389 en
783 3331 881 3386 tuam
904 3313 1118 3404 historiam,
1188 3321 1190 3402 t

186 3442 293 3514 quam
310 3416 424 3512 legere
444 3416 576 3488 credidi
603 3416 742 3488 nonin
767 3417 863 3490 libris
891 3432 1034 3488 tuorum
1062 3418 1114 3488 si-

183 3518 320 3592 milium
333 3521 505 3618 (quorum
523 3519 664 3593 nomine
685 3521 773 3591 sorte
792 3519 944 3616 Moysen
964 3547 1114 3618 quoque

179 3623 495 3725 comprehendit),
522 3622 586 3724 qui
618 3622 804 3696 mendaces
835 3637 948 3710 sunt,
976 3621 1037 3693 sed
1067 3623 1118 3699 in
