2384 4442
284 486 354 558 116

229 606 363 672 passurus
387 583 444 652 sit,
464 601 524 639 non
550 570 823 666 reprehendendum
846 566 965 625 issomm
989 562 1155 622 celibatum

229 680 279 735 qui
288 658 488 789 'probabiliter
505 653 680 789 praevident,
694 672 722 707 se
736 649 768 703 in
781 644 873 705 eaelibi
887 644 948 729 vita
957 639 996 697 ad
1009 660 1102 727 quam
1125 662 1154 726 se

228 734 295 792 habt
308 756 335 791 es
356 734 504 811 deprehen
526 741 603 798 unt,
622 727 688 804 plus
702 726 831 782 humano
847 738 962 795 genem,
976 728 1029 772 aut
1044 728 1153 773 civitati

229 829 286 867 suae
306 809 436 867 utilitatis
455 827 539 886 posse
558 816 694 882 praestare
709 842 717 869 ,
732 815 821 875 quem
840 791 1153 879 uxoratpsp3Quore-

227 887 357 942 serantur
376 896 494 961 oportet
513 894 546 939 ut
566 880 701 935 observet
718 868 1066 953 Lampredi,qu1d1yma
1086 886 1154 923 con·

228 959 290 1017 sitia
309 958 398 1018 secuti
416 959 542 1017 celibem
563 954 675 1029 eligunt
693 950 804 1016 vitam,
824 958 857 1002 ut
877 944 1042 1031 diligentum
1058 954 1089 998 et
1104 961 1155 997 ex·

227 1034 353 1110 peditius
375 1030 596 1092 sacerdotalibus
616 1026 737 1094 officiis,
756 1036 786 1080 et
803 1019 937 1095 religioni
960 1036 1062 1075 vacare
1085 1036 1156 1091 pos-

229 1109 304 1179 sint,
320 1130 356 1167 ex
371 1130 430 1185 qua
444 1109 594 1165 innumera
607 1103 639 1159 in
649 1122 710 1159 rem
724 1097 871 1179 publicam
882 1094 961 1151 bona
972 1091 1154 1150 derivantur.

333 1302 366 1397 ὃ
390 1296 474 1375 352.
487 1296 564 1373 Nec
584 1294 698 1381 dicas,
717 1290 754 1363 id
772 1286 923 1363 naturali
943 1286 1063 1358 officio
1083 1284 1156 1356 sin·
1188 1279 1189 1282 '

229 1401 317 1500 gulis
337 1430 409 1475 esse
428 1415 663 1501 preceptum,
682 1423 703 1468 a
720 1420 792 1495 quo
810 1393 840 1463 si
858 1416 979 1463 omnes
998 1389 1155 1461 abstine·

228 1522 329 1594 rent,
356 1521 475 1578 actum
498 1516 585 1575 esset
611 1500 655 1577 de
681 1499 835 1570 humano
864 1519 1017 1589 genere,
1045 1506 1154 1589 prout
1188 1505 1189 1590 t

229 1625 324 1681 extra
343 1632 483 1681 omnem
501 1600 727 1677 dubitationis
744 1598 855 1673 aleam
866 1611 917 1668 est
928 1593 1152 1691 conjugium.

229 1710 336 1785 Unde
359 1709 495 1783 Seneca
507 1706 675 1803 Tragicus
686 1699 915 1802 Hyppolitum
933 1697 982 1770 sic
1001 1696 1153 1798 loquen-

228 1828 300 1887 tem
318 1812 456 1887 inducit
477 1810 521 1889 V
515 1814 618 1885 ersic.
638 1804 726 1901 464.
745 1818 781 1879 et
794 1827 892 1905 seqq.

241 2036 244 2043 -
308 2042 314 2055 .
336 2039 455 2055 .....
479 1994 617 2055 Caelibem
635 1992 723 2051 vitam
741 1989 848 2068 probet

345 2072 453 2131 Sterilis
472 2074 624 2146 juventus:
645 2069 702 2126 hoc
721 2066 776 2123 erit
795 2060 939 2140 quidquid
957 2060 1037 2123 vides

343 2148 436 2205 Unius
456 2144 509 2203 aevi
528 2144 631 2215 turba,
649 2157 679 2202 et
697 2142 729 2199 in
747 2152 838 2199 semet
854 2150 928 2196 ruet
985 2217 987 2222 Ι

229 2324 313 2406 Non
339 2323 485 2423 inquam
512 2321 581 2394 hoc
619 2348 773 2419 regeres:
808 2318 907 2392 Deus
937 2316 1053 2404 enim,
1086 2317 1149 2415 qui
1188 2345 1189 2350 ¹

229 2426 445 2527 providentia
474 2452 536 2499 sua
564 2441 693 2497 cuncta
722 2420 972 2522 sapientissime
991 2418 1153 2491 modera-
1188 2431 1189 2446 ¹

228 2546 288 2603 tur
314 2530 404 2602 sicut
431 2528 581 2601 diversos
602 2527 645 2599 ad
662 2527 796 2599 diversa
822 2523 959 2610 officia,
987 2538 1023 2593 et
1050 2538 1152 2595 actus

228 2632 397 2721 inclinat,
417 2658 457 2704 ac
478 2630 654 2729 disponit,
674 2644 715 2702 ut
733 2628 792 2702 alii
810 2626 954 2727 quidem
972 2625 1043 2697 sint
1062 2624 1151 2722 agri·

187 2762 190 2767 ·
228 2737 335 2825 colae,
354 2736 412 2809 alii
437 2734 526 2806 fabri
554 2732 714 2829 lignarii,
733 2730 792 2803 alii
819 2747 976 2815 sutores,
1005 2727 1069 2800 alii
1099 2726 1150 2825 pi·

231 2855 364 2928 stores,
384 2838 443 2911 alii
460 2834 627 2937 praesint,
657 2834 716 2907 alii
742 2832 903 2919 subsint,
933 2830 996 2931 qui
1025 2856 1148 2903 omnes

140 2966 148 2975 ’
230 2940 275 3015 ad
304 2942 440 3015 bonum
473 2964 659 3011 commune
688 2934 924 3009 multitudinis
962 2932 1150 3006 necessarii
1188 2969 1189 2998 1

230 3059 339 3130 sunt,
366 3043 414 3114 its
433 3040 608 3141 disponit,
634 3055 676 3113 ut
693 3040 751 3111 eiii
770 3037 992 3135 conjugalem
1021 3052 1150 3109 statum

232 3143 381 3240 eligant,
401 3144 459 3216 elii
479 3144 656 3231 caelibem,
674 3159 715 3215 ut
726 3142 774 3214 sic
791 3142 982 3229 habeatur,
1003 3156 1038 3212 et
1055 3164 1147 3212 com·

229 3246 366 3346 pleatur
385 3246 621 3320 multitudinis
639 3248 783 3319 bonum.

332 3350 365 3445 S.
387 3350 470 3422 353.
502 3346 593 3421 Cave
614 3366 753 3436 tamen,
778 3374 824 3419 ne
844 3345 986 3432 credas,
1002 3370 1069 3417 nos
1089 3342 1146 3429 iis,

224 3452 290 3551 ‘qui
317 3452 360 3523 ab
390 3448 520 3523 uxoriis
552 3452 644 3523 curis
664 3468 747 3525 sunt
776 3448 951 3547 expediti,
980 3447 1148 3520 moralem
1188 3523 1189 3526 ,

227 3555 426 3631 facultatem
445 3552 658 3643 concedere,
683 3580 847 3628 venereas
876 3550 1071 3650 voluptates
1090 3577 1145 3623 ex·
