2384 4442
292 447 363 536 104
1170 441 1173 498 ι

232 570 353 630 soboles.
375 570 410 626 Id
429 582 526 628 autem
549 579 584 627 ut
606 569 679 628 iufra
703 569 860 630 videbimus
884 584 926 630 est
951 585 1052 634 contra
1069 585 1133 634 natu·

232 668 300 704 ram.
314 647 436 733 Insuper
447 645 539 702 diviso
550 644 682 722 plurium
696 647 864 706 maritorum
879 648 1090 730 imperio,uxor
1099 657 1134 708 ne'

231 721 334 792 sciret,
353 742 402 781 cur
421 742 457 780 ex
476 719 531 778 illis
551 721 670 780 obedire
690 721 814 781 deberes

335 852 479 954 3345.
503 851 741 929 Consentiunt
767 854 851 928 item
875 853 1051 929 Catholici
1070 881 1136 927 cun

231 956 1008 1056 Protestantibus,Polyginiamsimultaneam
1019 985 1139 1030 nonre-

230 1089 387 1162 pugnare
409 1059 624 1133 naturalibus
650 1059 771 1134 officiis
796 1061 968 1158 primariis
998 1079 1032 1133 et
1058 1062 1140 1132 ahso-

230 1165 347 1252 lutis,
371 1164 520 1264 ideoque
544 1189 620 1235 non
642 1163 769 1236 habere
797 1190 932 1262 semper
961 1162 1137 1262 inexpiabi-

231 1268 303 1342 lem
320 1262 536 1352 foeditatem,
563 1281 684 1364 utpote
711 1293 789 1366 quae
813 1267 1011 1364 potissimos
1038 1263 1139 1336 matri·

229 1369 342 1444 monii
367 1371 481 1458 fines,
507 1396 575 1442 nec
599 1368 751 1442 totaliter
769 1369 860 1442 tollit
878 1427 887 1458 ,
906 1398 976 1444 nec
997 1367 1139 1468 aliquali·

232 1491 287 1546 ter
310 1473 485 1572 impedit,
512 1497 595 1545 cum
624 1499 719 1545 unus
742 1472 794 1544 vir
816 1473 969 1546 sufficiat
996 1470 1140 1572 pluribus
1172 1485 1173 1514 t

235 1576 402 1650 uxoribus
430 1574 674 1649 soecundandis
702 1630 712 1664 ,
741 1575 889 1676 filiisque
917 1605 961 1650 ex
993 1577 1034 1648 iis
1066 1571 1140 1645 natis

234 1677 436 1752 educandis.
464 1677 514 1752 At
538 1677 642 1751 simul
664 1675 837 1754 Catholici
863 1679 935 1752 lere
961 1673 1139 1752 communi·
1172 1721 1173 1724 =

233 1799 288 1854 ter
315 1799 437 1854 contra
465 1782 701 1856 Protestantes
729 1781 977 1872 contendunt,
999 1805 1073 1854 eam
1099 1805 1140 1848 re·

231 1913 389 1983 pugnare
417 1885 540 1960 officiis
572 1883 787 1957 naturalibus
817 1885 1063 1970 secundariis,
1088 1906 1137 1950 seu

233 1989 480 2062 conditionatis
496 2046 506 2077 ,
524 1989 572 2059 ita
599 2004 639 2060 ut
658 1986 804 2085 proinde
823 1987 928 2060 solius
948 1987 1022 2062 Dei
1039 2001 1138 2058 aucto·
1172 2025 1173 2076 3

232 2089 314 2162 ritas
341 2090 436 2164 illam
454 2091 560 2190 possit
588 2091 830 2178 cohonestare,
849 2091 911 2191 qui
929 2090 1024 2164 solus
1043 2099 1137 2188 potest
1172 2083 1173 2177 i

234 2193 396 2280 efficere,
423 2209 468 2265 ne
496 2209 688 2291 sequantur
715 2192 804 2265 mala
829 2209 870 2266 ut
896 2193 1084 2292 plurimum
1105 2212 1137 2259 ex

233 2287 292 2366 illa
315 2321 377 2392 per
400 2321 436 2366 se
456 2293 648 2368 derivantia
664 2295 740 2382 ,vel
759 2312 799 2367 ut
818 2323 861 2368 ex
886 2295 986 2368 malis
1005 2289 1138 2396 physicis

235 2397 401 2496 ampliora
423 2397 517 2470 bona
545 2397 763 2495 proveniant.
790 2397 835 2472 Et
857 2397 981 2472 merito
1002 2395 1135 2498 quidem.

236 2499 298 2576 Est
324 2500 420 2574 enim
446 2517 567 2573 contra
593 2500 765 2577 naturalia
783 2501 898 2574 officia
926 2497 1138 2578 secundaria,

237 2631 300 2677 seu
328 2604 565 2678 conditionata
596 2601 770 2704 quidquid
802 2620 843 2676 ut
871 2604 1062 2704 plurimum
1089 2600 1138 2672 ho

235 2707 421 2796 minibus,
446 2710 678 2805 humanaeque
711 2706 867 2780 societati
890 2735 953 2807 per
979 2716 1016 2781 se
1049 2699 1137 2779 detri·

236 2829 398 2886 mentum
426 2811 644 2886 alteratam
671 2836 754 2883 vero
783 2809 1027 2887 simultaneam
1052 2805 1137 2900 Poly·

237 2914 369 3008 giniarn
386 2933 427 2988 ut
453 2913 645 3012 plurimum
662 2940 725 3010 per
742 2940 778 2986 se
797 2914 938 2986 noxiam
964 2942 1036 2988 esse
1056 2904 1137 2987 farni-
1171 2887 1172 2940 l

235 3014 316 3102 liis,
335 3018 552 3118 proindeque
579 3017 742 3088 humane
769 3015 1046 3116 societati,patet
1070 3037 1135 3087 con·

236 3115 416 3194 sideranti:
441 3120 580 3219 1,quod
597 3119 714 3218 plures
733 3119 896 3194 mulieres
915 3120 1069 3194 univiro
1087 3139 1139 3187 nu·

235 3235 304 3318 ptae
330 3219 592 3296 inflammantur
618 3222 795 3310 libidine,
823 3222 910 3323 quin
940 3226 1072 3323 possint
1095 3241 1136 3290 ex·

236 3321 325 3422 pleri
336 3351 345 3399 z
356 3323 451 3396 unde
468 3325 631 3399 facillime
652 3325 871 3398 occasionem
882 3328 1049 3426 arripient
1059 3317 1137 3397 adul·

236 3427 324 3499 teria
347 3428 593 3528 perpetrandi3
617 3455 650 3502 2.
670 3427 765 3529 quod
785 3429 975 3527 conjugalis
995 3423 1137 3502 emorita

237 3527 421 3608 distractus
446 3529 577 3609 inviro
603 3531 659 3619 nel
689 3531 833 3606 omnino
859 3533 1072 3632 languescit,
1096 3519 1135 3599 vel
1170 3557 1171 3650 p

1170 3659 1171 3690 l
