2384 4442
30 536 154 632 Quod
175 536 205 609 si
224 540 455 613 mutuatarius
474 538 582 613 libere
608 544 790 616 conveniat
808 544 851 618 de
872 470 967 618 cirta

26 640 221 737 pecuniae,
241 639 295 713 vel
322 643 465 716 alterius
493 645 544 715 rei
570 645 748 740 sungihilis
774 650 966 745 quantitate

27 744 169 841 quovis
188 744 227 814 in
248 771 329 817 casu
350 746 529 833 solvenda,
549 748 628 845 quis
647 774 720 819 non
740 750 833 821 videt
851 749 888 820 in
908 750 967 844 illa

27 846 311 918 determinanda
330 849 502 919 rationem
521 851 720 921 habendam
739 879 811 923 esse
829 852 968 947 majoris

27 949 92 1020 vel
116 948 265 1020 minoris
296 950 559 1048 probabilitatis,
580 982 649 1051 qua
677 954 846 1025 damnum
871 980 970 1025 seeu-

28 1069 184 1138 turum,
204 1069 264 1123 aut
282 1052 425 1125 lucrum
445 1072 661 1127 cessaturum
680 1056 915 1153 praevidetur3
937 1072 970 1126 et
994 1098 1000 1106 ·

29 1155 85 1225 ita
97 1154 263 1251 quidem,
276 1172 315 1227 ut
323 1156 449 1228 solutio
461 1185 500 1227 eo
510 1174 648 1229 tantum
659 1176 812 1257 tempore
825 1157 971 1254 implen-

31 1258 82 1327 da
108 1273 299 1345 statuatur,
320 1287 390 1356 quo
418 1259 625 1331 alterutrum
655 1279 864 1333 eventurum
888 1288 971 1356 pru·

32 1360 178 1431 denter
197 1360 361 1435 timetur:
383 1377 466 1433 tune
489 1364 582 1434 enim
607 1364 824 1436 solummodo
839 1362 971 1459 praefati

30 1460 139 1534 tituli
152 1478 292 1558 urgent.

154 1568 189 1661 §
213 1566 296 1665 309.
321 1565 497 1639 Hactenus
517 1568 609 1640 dicta
636 1568 679 1641 de
699 1585 822 1641 mutuo
850 1568 969 1639 locum

32 1668 153 1740 etiam
173 1668 303 1740 habent
322 1669 360 1739 in
379 1670 452 1741 aliis
472 1673 732 1759 contractibus,
751 1672 812 1769 qui
832 1670 969 1741 tametsi

29 1773 113 1843 alio
135 1771 306 1858 nomine,
326 1772 459 1870 aliaque
480 1774 593 1871 specie
612 1775 824 1860 vestiantur,
852 1798 971 1842 revera

29 1892 169 1946 tamen
189 1874 240 1945 nil
252 1873 346 1946 aliud
366 1892 471 1963 sunt,
491 1903 596 1974 quam
606 1876 807 1973 palliatum,
827 1890 862 1945 et
873 1901 972 1969 oper-

28 1995 124 2049 tum
143 1993 334 2052 mutuum:
364 1978 459 2049 unde
478 1977 620 2051 lucrum
646 2006 687 2050 ex
706 1979 747 2049 iis
774 1975 970 2049 immediate

29 2100 256 2179 perceptum
274 2108 379 2153 usura
399 2081 527 2153 dieitur
545 2081 704 2179 palliata:
717 2108 801 2180 quae
820 2078 970 2151 111111ιηί-

30 2211 113 2255 nus
136 2183 290 2255 naturali
315 2184 455 2281 justitia
474 2185 694 2271 adversatur,
721 2209 826 2283 quam
845 2198 970 2281 aperta.

32 2287 129 2360 Huc
151 2284 331 2382 pertinent
348 2287 563 2385 potissimum
578 2304 776 2360 contractus
795 2285 970 2370 mohatra,

31 2409 73 2462 et
97 2388 282 2459 cambium
301 2390 455 2477 siecum,
483 2418 635 2488 quorum
652 2406 834 2475 naturm,
865 2404 900 2459 et
917 2387 972 2457 in-

32 2492 223 2591 justitiam
240 2493 389 2563 breviter
408 2520 629 2591 exponemus.

156 2597 193 2691 5.
226 2596 311 2667 310.
342 2597 462 2696 Itaque
494 2610 692 2667 contractus
721 2593 825 2687 vulgo
859 2590 973 2661 dictus

32 2696 229 2773 Mohatra
252 2698 361 2771 initur
391 2726 474 2771 cum
498 2698 604 2769 homo
633 2695 783 2793 pecunia
811 2691 973 2786 indigens

36 2803 134 2876 emit
157 2799 289 2872 credito
310 2803 353 2873 ab
377 2801 442 2873 alio
462 2826 595 2872 merces
624 2797 735 2896 pretio
755 2821 889 2868 summo
921 2820 973 2865 ex.

36 2936 94 3005 gr.
121 2920 270 2977 centum
297 2930 482 2977 aureorum
502 2930 584 2975 eum
613 2918 715 2999 paeto
733 2916 826 2971 retro
853 2896 975 2969 rendi«

33 3009 156 3084 tionis
169 3024 352 3081 numerata
363 3008 512 3107 pecunia
524 3005 635 3105 pretio
654 3004 774 3074 infimo
787 3030 838 3074 ex.
851 3028 898 3096 gr.
913 2997 972 3098 95.

34 3106 250 3189 aureorum.
276 3113 355 3185 Jam
384 3139 464 3183 vero
491 3111 529 3181 in
558 3106 760 3205 hujusmodi
790 3120 973 3177 contractu

36 3246 121 3292 esse
143 3214 438 3311 inaequalitatem,
457 3214 607 3310 ideoque
626 3208 819 3281 naturalem
836 3206 975 3303 injusti·

34 3326 160 3405 tiam,
190 3316 442 3389 evidentissime
462 3332 576 3415 patet:
606 3338 689 3385 nam
706 3311 862 3411 emptori¹
882 3307 973 3378 ultra

36 3423 264 3499 solutionem
288 3421 389 3518 pretii
408 3421 491 3517 justi
521 3416 647 3493 summi
666 3444 754 3489 onus
781 3409 973 3509 imponitur·

35 3528 161 3629 pretio
184 3523 380 3595 extimabile
398 3550 551 3596 mercem
573 3516 842 3592 retrovendendi
860 3516 972 3613 pretio

35 3634 194 3717 infime,
216 3627 312 3725 quod
340 3653 428 3699 onus
453 3629 494 3700 ab
523 3640 676 3724 emptore
696 3622 809 3695 aufert
834 3616 973 3691 liberta-
