2384 4442
835 405 905 501 Ῑ47

42 500 176 575 viribus
194 498 449 600 reprimendas,
467 500 683 599 potissimum
698 532 780 579 vero
798 504 962 577 attentio·

41 630 127 677 nem
150 603 196 677 ad
225 604 291 677 elia
321 604 457 701 objecta
486 606 730 678 convertendo
758 607 875 706 Atque
903 608 963 679 hic

40 724 243 805 opportuna
270 734 306 779 se
332 708 461 803 praebet
480 706 615 777 occasio
642 707 962 800 animadvertendi,

43 812 221 898 affectus,
241 826 275 881 et
293 810 467 907 passiones
486 836 560 881 non
578 836 658 881 raro
676 810 715 879 in
741 810 855 881 anima
874 814 965 884 exei

41 913 112 985 tari
130 940 151 984 a
166 866 373 1010 phantasia,
393 940 455 984 seu
478 911 758 1009 imaginatione,
788 940 867 1011 quae
895 916 964 987 vim

43 1018 151 1089 hahet
169 1014 277 1088 veluti
306 1016 487 1113 prasentia
505 1015 777 1113 repraesentandi
805 1017 966 1111 objecta,

44 1146 126 1219 qua.
150 1145 267 1191 revera
285 1120 466 1216 praesentia
492 1146 566 1191 non
586 1136 691 1213 sunt3
716 1119 866 1216 ideoque
893 1145 967 1189 mo·

44 1240 103 1293 tus
121 1222 161 1305 in
180 1222 293 1293 anima
314 1239 347 1292 et
366 1223 404 1294 in
425 1249 568 1319 corpore
584 1222 803 1319 producendi
822 1221 967 1293 omnino

45 1325 174 1397 similes
193 1324 259 1411 iis,
287 1325 348 1422 qui
367 1326 409 1397 ah
427 1325 549 1396 iisdem
567 1326 713 1422 objectis
731 1324 966 1425 produceren·
1033 1330 1038 1337 ’

45 1447 133 1514 tur,
152 1427 181 1497 si
200 1428 315 1499 forent
333 1428 524 1525 prasentia.

156 1531 187 1626 §-
214 1531 268 1601 13.
296 1528 392 1623 Quid
413 1559 493 1627 ergo
520 1531 710 1604 dicendum
729 1530 772 1603 de
802 1532 967 1629 opinione

51 1632 256 1705 Stoicorum
274 1632 478 1707 docentium
493 1636 661 1722 ‚affectus
680 1662 801 1708 omnes
820 1662 892 1706 esse
913 1660 971 1705 ex·

48 1736 257 1835 tirpandosP
278 1736 320 1809 In
348 1737 466 1834 primis
487 1766 529 1809 ex
555 1738 659 1811 modo
679 1738 780 1810 dietis
809 1738 971 1810 luculen-

48 1857 103 1909 ter
121 1855 283 1938 apparet‚
302 1838 392 1910 hane
417 1839 612 1911 doctrinam
635 1841 678 1911 ad
696 1842 830 1939 praxim
847 1840 971 1911 reduci
1045 1851 1050 1860 '

49 1941 252 2015 nullatenus
272 1969 380 2039 posse.
399 1942 538 2015 Deinde
565 1943 625 2014 rel.
639 1946 830 2017 affectuum
859 1943 972 2014 nomi·

49 2072 97 2115 ne
117 2044 206 2117 solos
225 2044 468 2118 immoderatos
498 2048 645 2118 affectus
664 2047 866 2143 intelligunt
880 2045 973 2117 Stoi-

52 2148 111 2233 ei,
144 2164 178 2219 et
202 2148 265 2219 hos
295 2148 439 2219 viriliter
466 2176 537 2221 esse
565 2150 825 2247 reprimendos,
853 2176 973 2221 omnes

51 2276 129 2323 uno
151 2278 210 2323 ore
230 2252 408 2339 fatentur,
426 2252 481 2323 vel
500 2253 608 2325 animi
619 2270 735 2325 motus
753 2253 974 2349 intelligunt,

51 2353 118 2453 qui
136 2352 179 2425 ad
207 2352 349 2425 rationis
368 2381 526 2425 normam
549 2356 713 2451 componi
738 2357 873 2453 possint
900 2413 910 2444 ‚
938 2372 974 2426 et

51 2458 117 2527 hos
148 2456 348 2527 hominibus
383 2457 567 2529 maximam
602 2458 786 2529 utilitatem
825 2461 976 2544 afferre,

53 2558 275 2659 proindeque
294 2586 368 2631 non
394 2587 465 2659 esse
486 2558 896 2654 extirpandos,facillime
916 2561 978 2629 de·

52 2678 280 2737 monstratur.
305 2661 487 2759 Siquidem
515 2688 556 2731 ex
575 2687 646 2731 una
665 2676 760 2756 parte
780 2687 847 2730 nec
866 2660 976 2748 ratio,

50 2792 123 2837 nec
154 2764 290 2861 Religio
330 2764 526 2837 Christiana
556 2763 753 2863 prohibet,
787 2762 975 2859 quominus

50 2871 163 2940 homo
181 2894 265 2940 eum
283 2868 398 2939 dehita
418 2866 541 2937 divinae
560 2865 730 2964 voluntati
748 2863 976 2937 submissione

52 2971 205 3070 propriae
223 2971 301 3042 vitae
321 2970 643 3058 conservationem,
670 2970 805 3040 firmam
823 2970 976 3067 eorporis

50 3073 315 3159 valetudinem,
334 3074 462 3144 bonam
477 3072 570 3171 apud
589 3073 673 3143 alios
686 3073 830 3158 famam,
849 3071 977 3144 disere-

52 3196 130 3249 tam
155 3178 329 3248 bonorum
355 3178 504 3257 fortuna
531 3174 687 3274 copiam,
715 3175 867 3247 sinceros
894 3176 979 3248 fide-

52 3282 179 3379 lesque
198 3280 352 3367 amiam,
373 3296 407 3355 et
437 3278 502 3349 alia
527 3278 563 3349 id
594 3306 702 3373 genus
725 3280 802 3352 vitae
827 3306 978 3350 commo-

53 3384 101 3455 da
121 3399 285 3482 expetat,
304 3410 371 3454 nee
391 3410 464 3454 non
480 3381 692 3457 moderatam
711 3410 754 3455 en
765 3383 977 3480 possessione

52 3486 237 3573 laetitiam',
266 3513 308 3559 en
339 3485 520 3557 omissione
548 3486 740 3559 maestitiam
774 3484 908 3582 capiat3
936 3513 978 3556 en

717 3590 770 3685 721¹
