2384 4442
278 480 327 573 84

221 580 279 655 Ad
308 582 413 679 hujus
443 596 644 655 contractus
671 581 907 670 validitatem,
925 599 961 653 et
979 581 1131 651 honesta·

219 702 291 757 tem
310 712 450 757 necesse
470 712 543 757 non
564 700 637 771 est,
656 686 752 784 quod
770 686 857 757 socii
869 638 1049 802 ‘aiqnalem
1066 710 1132 779 par-

220 804 292 858 tem
309 790 514 875 conserant,
531 815 597 859 nec
617 788 712 886 quod
724 789 966 888 unusquisque
984 784 1134 857 indiscri-

221 890 379 963 minatim
390 907 450 963 aut
461 918 536 963 rem
551 906 612 963 aut
629 918 770 988 operam
784 892 897 989 pretio
909 888 1136 961 aestimabilem

226 996 384 1065 conferre
413 995 545 1091 possit,
566 1021 632 1065 neo
660 995 755 1092 quod
785 1021 889 1092 opera
917 993 1026 1065 unius
1052 991 1137 1062 idem

221 1097 373 1193 pretium
392 1098 516 1169 lrabeat
537 1123 576 1168 ac
607 1124 710 1194 opera
731 1098 885 1169 alterius.
912 1096 986 1167 Sed
1006 1097 1074 1167 hoe
1092 1110 1136 1164 est

222 1199 365 1271 omnino
378 1199 612 1273 necessarium
623 1255 634 1286 ,
644 1200 739 1297 quod
750 1196 892 1271 luorum
901 1215 963 1272 aut
974 1198 1138 1269 damnum

222 1300 421 1373 dividantur
448 1301 646 1373 secundum
671 1302 931 1400 proportionem
961 1301 1140 1396 geometri·

225 1431 315 1497 cam3
332 1405 378 1476 ita
398 1421 437 1476 ut
456 1405 485 1476 si
504 1432 567 1500 ego
588 1404 798 1477 contulerim
819 1405 940 1483 30.vel
957 1405 999 1474 in
1018 1431 1057 1475 re
1072 1402 1139 1489 ,rel

222 1507 260 1577 in
281 1535 383 1604 opera
402 1508 490 1578 tanti
510 1508 687 1595 aestimata,
706 1524 741 1580 et
760 1508 846 1580 alter
871 1533 926 1581 ιο.
934 1506 1138 1598 luorumve·

226 1638 264 1679 ro
284 1627 344 1681 aut
363 1610 530 1681 damnum
549 1610 655 1681 luerit
676 1611 811 1683 donin
826 1636 940 1682 meam
960 1609 1139 1681 utilitatem

223 1729 281 1783 aut
295 1712 461 1783 damnum
478 1712 604 1785 cedant
618 1711 702 1787 225.
715 1730 750 1783 et
769 1713 968 1785 alterutrius
985 1713 1044 1810 75.
1057 1711 1140 1783 Nam

229 1818 298 1889 30:
314 1814 387 1890 225
403 1856 435 1877 -τ
460 1842 503 1888 10
520 1847 527 1889 :
545 1813 601 1915 75.
615 1813 824 1889 Contractus
844 1843 949 1911 ergo,
968 1816 1033 1913 qui
1055 1813 1139 1911 apud

224 1918 357 2015 aliquos
376 1920 601 1991 humanitatis
620 1918 743 1990 oblitos
761 1919 926 2016 frequens
946 1936 1022 2005 est,
1043 1916 1138 1987 utvel

224 2048 265 2090 ex
285 2048 355 2091 una
374 2038 470 2118 parte
490 2022 619 2093 sorsin
639 2038 715 2092 tuto
734 2039 909 2118 ponatur,
929 2021 985 2091 vel
1005 2037 1046 2092 ut
1065 2048 1137 2117 ope·

224 2149 261 2191 ra
280 2136 449 2238 tanquam
475 2150 548 2195 sors
574 2152 648 2195 uon
675 2140 879 2220 reputetur,
898 2124 1050 2223 ideoque
1069 2151 1138 2221 pro·

228 2222 431 2320 portionatis
449 2226 621 2297 fructibus
641 2227 844 2313 fraudetur,
875 2244 926 2298 est
945 2243 1138 2321 contractus

227 2325 405 2399 Leoninus
425 2344 459 2398 et
479 2328 655 2423 injustus:
681 2329 733 2399 nil
760 2330 854 2399 enim
878 2330 1022 2426 justitiae
1040 2328 1138 2424 magis

226 2429 446 2518 adversatur,
465 2458 571 2528 quam
584 2431 737 2503 fraudari
748 2433 867 2505 fructu
885 2433 937 2505 rei
954 2461 1029 2505 suae
1042 2490 1050 2520 ,
1062 2459 1137 2531 qua·

225 2533 266 2603 lis
279 2550 329 2603 est
341 2560 455 2630 opera.
476 2532 743 2607 advertendum
761 2534 933 2634 denique,
952 2536 1137 2608 aliumesse

226 2636 397 2707 societatis
425 2653 675 2725 contractum,
705 2638 743 2707 in
773 2666 843 2737 quo
873 2638 959 2710 socii
988 2640 1137 2711 fortunas

227 2766 346 2813 omnes
376 2756 559 2838 praesentes
579 2757 614 2812 et
634 2740 769 2813 suturas
787 2742 825 2813 in
845 2768 1035 2815 commune
1059 2767 1137 2817 ,con-

226 2844 370 2932 serunt,
397 2861 436 2915 ut
465 2845 503 2915 in
531 2843 710 2915 communi
735 2844 1005 2941 possideantur,
1034 2845 1136 2943 iisque

229 2972 348 3017 omnes
380 2963 414 3017 et
445 2944 573 3042 singuli
602 2945 641 3015 in
671 2948 850 3018 communi
886 2948 1071 3020 fruantur.
1101 2947 1136 3017 ln

228 3047 292 3117 lrao
316 3049 477 3120 societate
498 3075 580 3121 oum
599 3048 715 3119 omnia
743 3048 842 3121 lucra
871 3051 1061 3148 cujuslibet
1088 3076 1132 3120 so

230 3148 274 3219 cir
265 3148 374 3221 fiant
393 3150 587 3239 societatiS,
607 3151 712 3223 etiam
739 3150 887 3240 damna,
917 3182 995 3270 quae
1029 3153 1135 3226 socius

228 3252 356 3349 absque
385 3278 445 3325 sua
465 3254 567 3353 culpa
596 3253 751 3351 patitur,
778 3255 921 3329 societas
939 3257 979 3329 in
998 3285 1035 3328 se
1054 3258 1134 3330 ferre

230 3371 379 3429 tenetur

336 3456 419 3533 325.
441 3455 690 3533 Contractus
679 3460 887 3532 innominati
916 3422 1133 3558 juxtaqgene

228 3562 315 3636 rales
334 3582 515 3660 pactorum
533 3560 668 3661 regulas
692 3560 901 3660 diriguntur.
920 3564 1040 3639 Restat
1062 3589 1132 3660 ergo
