2384 4442
907 437 957 514 35

96 538 347 635 interrogatus,
366 566 455 611 num
472 540 607 616 noverit
627 558 761 615 certum
783 540 924 615 alterius
943 545 1022 617 cri.

96 666 202 727 men,
222 641 317 738 quod
341 642 446 715 unice
466 644 625 715 noviter
653 644 890 717 sacramentali
914 644 1008 719 illius

99 742 348 832 Confessione‚
367 746 576 843 respondere
595 746 723 845 absque
747 744 929 819 mendacio
946 776 1010 847 po·

96 862 183 933 test3
202 872 237 917 se
259 846 392 919 crimen
410 848 498 925 illud
516 848 660 921 urinirne
685 848 842 933 novisse,
868 850 949 949 quia
967 852 1007 923 il-

96 947 179 1035 lud,
198 962 285 1021 teste
304 948 395 1021 Divo
416 951 573 1039 Thomu,
592 950 736 1023 minime
755 950 871 1037 novit,
888 968 929 1023 ut
946 954 1008 1025 ho-

95 1077 173 1138 m0‚
191 1050 253 1123 sed
271 1066 311 1123 ut
329 1050 443 1141 Deus,
454 1055 521 1127 hoc
534 1068 609 1141 est,
627 1070 668 1125 ut
686 1052 756 1125 Dei
766 1052 1004 1150 Vicesgerens.

96 1152 178 1232 Dixi
196 1169 312 1247 tamen
330 1154 524 1229 locutiones
554 1156 731 1253 ambiguas
758 1172 822 1228 etc.
848 1155 954 1231 licere
979 1158 1009 1231 si

94 1255 280 1333 necessitas
297 1276 418 1354 urgeat
437 1275 501 1334 eto.
517 1314 527 1347 ‚
545 1258 628 1357 quia
647 1286 690 1333 ex
708 1285 780 1331 una
798 1274 894 1357 parte
912 1259 1010 1359 loqui

94 1358 280 1454 ambigue,
298 1361 352 1432 vel
371 1388 454 1435 cum
475 1362 694 1435 restrictione
720 1360 862 1433 mentali
890 1389 1010 1460 quam·

86 1461 143 1535 ¹vis
168 1462 318 1539 exterius
348 1464 602 1542 detenuinabili
631 1464 706 1537 sine
735 1464 939 1539 necessitate
968 1465 1008 1538 in

93 1564 305 1653 maximum,
325 1585 364 1639 ut
375 1567 484 1667 liquet
500 1567 681 1657 ‚hunianae
691 1566 862 1639 societatis
873 1567 1011 1641 incom-

93 1666 238 1742 modum
256 1668 467 1743 redundaret
481 1700 494 1764 3,
512 1698 554 1745 ex
584 1668 649 1743 alia
674 1697 756 1742 vero
774 1686 870 1768 parte
896 1671 1005 1743 surius

92 1769 163 1867 juri
181 1768 359 1850 veritatem
378 1772 538 1871 exigendi
555 1772 743 1871 respondet
758 1772 797 1844 in
826 1770 900 1845 aliis
920 1772 1008 1845 ohli-

87 1872 183 1969 gatio
193 1872 373 1947 veritatem
383 1876 538 1963 nudam,
557 1892 592 1947 et
606 1876 777 1971 integram
785 1873 1007 1947 manifestan-

91 1973 137 2053 di.
155 1972 321 2078 Denique
338 1994 602 2075 stratagemate,
619 1977 784 2064 insidias,
811 1992 846 2049 ct
864 1977 1005 2049 astutias

86 2076 273 2167 militares,
292 2080 480 2154 dummodo
500 2080 553 2153 nil
569 2080 694 2153 falsum
712 2080 805 2153 dioto
832 2079 887 2151 rel
909 2081 1003 2153 sacto

86 2180 320 2271 nomimant,
339 2210 413 2257 non
432 2211 504 2256 esse
530 2183 736 2271 mendacia,
766 2182 918 2256 ostendit
940 2182 1006 2255 Di-

93 2310 153 2357 vus
174 2284 325 2359 Thomas
347 2312 387 2359 a.
410 2312 440 2361 α.
462 2287 594 2387 Qucest.
614 2290 675 2381 4ο.
686 2286 804 2361 Amic.
818 2286 850 2358 3.
862 2285 1006 2361 dicens:

97 2418 112 2455 u
127 2386 266 2485 Aliquis
285 2404 396 2487 potest
414 2389 485 2461 salli
513 2416 555 2463 ex
574 2388 668 2463 dicto
686 2389 741 2461 vel
759 2391 851 2460 sacto
870 2404 1006 2476 nostro,

90 2490 173 2589 quia
193 2490 226 2561 ei
243 2492 549 2590 propositum,aut
559 2492 777 2565 intellectum
800 2491 1002 2587 (nostrum)

89 2618 167 2665 non
186 2593 368 2691 aperimus.
398 2594 474 2668 Hoc
495 2610 612 2667 autem
629 2620 765 2691 semper
793 2594 907 2663 facere
930 2618 1005 2663 non

89 2712 275 2784 tenemur,
294 2696 374 2796 quia
402 2697 507 2770 etiam
523 2698 561 2769 in
576 2695 747 2769 doctrina
774 2718 870 2765 sacra
894 2692 1005 2767 multa

89 2815 174 2869 sunt
185 2800 392 2873 occultanda
399 2800 545 2873 maxime
564 2796 763 2871 infidelibus
772 2822 818 2867 ne
837 2793 1005 2868 irrideant

87 2901 288 2975 secundum
304 2903 392 2975 illud
404 2900 533 2976 Multis.
546 2928 576 3001 7.
592 2934 608 2973 a
630 2899 748 2974 Nolite
768 2913 928 2971 sanctum
946 2898 1006 2970 da-

79 3032 127 3077 -re
149 3005 294 3077 canibus
310 3034 344 3100 >¹3
357 3005 458 3085 unde
470 3004 580 3077 multo
598 3003 706 3099 magis
718 3028 859 3101 esuque
877 2999 921 3073 ad
939 3000 1004 3075 im-

83 3108 319 3205 pugnandum
338 3108 496 3181 inimicos
514 3133 686 3207 paramus,
704 3106 797 3178 fs'unt
819 3103 868 3177 eis
886 3105 1004 3176 occul·

85 3210 214 3299 tanda,
234 3228 269 3283 et
287 3212 362 3285 talis
382 3210 567 3285 occultatio
586 3208 737 3309 pertinet
762 3207 806 3280 ad
831 3206 1004 3279 rationem

78 3314 318 3403 insidiarum,
337 3315 463 3414 quihus
481 3313 617 3385 licitum
635 3328 744 3387 estut
769 3312 809 3383 in
831 3308 930 3383 bellis
948 3310 1005 3405 ju·

84 3416 158 3489 stis.
179 3416 256 3489 Nec
282 3418 419 3515 proprie
445 3416 647 3514 hujusmodi
671 3414 804 3489 insidiae
832 3427 1003 3484 vocantur

74 3517 249 3606 fraudes,
268 3548 335 3594 nee
353 3520 492 3617 justitias
510 3534 728 3617 repugnant,
754 3541 821 3588 nec
841 3511 1006 3587 ordinatae

81 3621 280 3696 voluntati:
308 3618 396 3705 esset
418 3624 512 3707 enim
537 3622 734 3697 inordinata
758 3615 943 3708 voluntas,
972 3616 1007 3691 si
1083 3697 1086 3701 ¹

83 3723 214 3827 aliquis
232 3724 336 3799 vellet
353 3725 442 3799 nihil
459 3726 523 3798 sibi
543 3725 585 3798 ab
604 3723 678 3797 aliis
700 3719 888 3795 occultaris
