2384 4442
870 445 940 522 155

59 555 194 654 ‘plures
207 552 366 624 veritates
386 550 489 622 etiam
513 544 585 623 solo
603 552 753 623 naturali
780 551 914 645 lumine
936 578 993 623 co·

69 655 301 755 gnoscibiles,
321 671 361 725 nt
379 652 450 725 Dei
470 654 675 741 existentia,
694 656 831 744 unitas,
848 659 994 729 immen-

69 762 174 845 sitas,
204 759 342 829 libertas
373 756 501 844 simul,
530 775 564 829 et
590 756 871 848 immutabilitas,
902 786 993 830 sum-

72 888 129 935 ma
149 862 255 933 simul
272 861 435 947 bonitas,
467 876 502 931 et
532 887 671 931 summa
684 860 815 957 justitia
844 863 996 960 itemque

71 968 196 1038 anirnae
215 964 377 1037 humanae
398 963 643 1061 spiritualitas,
671 963 832 1051 libertas,
859 964 997 1035 immor-

70 1070 209 1155 talitas,
235 1084 269 1141 et
289 1066 538 1139 commercium
569 1067 693 1138 animae
714 1092 795 1137 oum
826 1093 995 1163 corpore,

72 1200 111 1243 ao
133 1171 286 1271 denique
305 1170 358 1243 rei
378 1169 565 1273 cujuslibet
586 1170 714 1242 creatio
732 1169 817 1240 adeo
838 1168 995 1266 gravibus

73 1274 331 1373 objectionibus
350 1273 471 1370 impeti
489 1290 657 1370 possunt,
682 1289 723 1344 nt
741 1272 851 1371 prima
881 1272 995 1343 fronte

71 1376 276 1450 insolubiles
295 1376 502 1469 videantur:
522 1376 672 1474 ideoque
693 1377 806 1447 theses
816 1375 997 1471 hujusmo-

73 1480 112 1551 di
131 1480 387 1577 objectionibus
414 1479 578 1575 impetita:
597 1479 755 1551 absurda:
785 1494 997 1577 appareant,

74 1584 164 1680 quin
183 1600 298 1653 tamen
319 1582 362 1653 de
381 1580 448 1652 illis
467 1581 621 1652 thesibus
640 1581 995 1654 dubitare-ullatenus

72 1686 198 1773 liceat,
224 1701 265 1757 ut
284 1701 378 1783 patet
397 1712 440 1755 ex
472 1684 630 1781 ejusdem
648 1684 829 1757 Rousseau
862 1687 997 1755 confes·

72 1789 169 1861 sione
184 1844 193 1876 ,
206 1789 267 1887 qui
294 1790 304 1885 (
318 1790 424 1859 Emit.
436 1786 535 1860 Tom.
551 1789 584 1859 3.
600 1814 688 1887 pag.
703 1789 762 1862 88.
777 1802 812 1859 et
831 1789 995 1887 Epistola

71 1916 184 1991 super
202 1897 298 1963 citat.
313 1916 399 1989 pag.
423 1890 503 1986 54.)
527 1907 710 1988 postquam
740 1906 874 1961 nostras
902 1889 995 1959 ideas

73 1995 119 2065 de
131 1992 200 2065 Dei
219 1992 447 2089 intelligentia
463 1993 637 2089 ,potentia
650 2049 659 2079 ,
670 2010 704 2063 et
722 1992 854 2089 justitia
875 1992 998 2062 obscu-

50 2097 222 2168 rrissimas
243 2114 277 2168 et
296 2095 608 2193 imperfectissimas
632 2122 704 2167 esse
723 2094 994 2193 pronunciavit,

74 2199 206 2281 subdit:
223 2230 237 2267 r
255 2197 329 2272 Che
350 2224 385 2269 se
406 2199 535 2294 giungo
555 2226 574 2269 a
593 2199 771 2296 souoprire
790 2197 997 2270 successiva-

72 2320 192 2374 mente
212 2302 332 2400 questi,
344 2302 499 2375 attributi
515 2357 524 2389 ,
543 2300 703 2399 de’quali
731 2330 806 2373 non
824 2303 871 2373 ho
902 2300 996 2371 alcu·

73 2434 121 2478 na
140 2406 217 2477 idea
237 2404 404 2491 assoluta,
423 2404 478 2475 oio
497 2404 646 2475 succede
665 2404 800 2500 pervia
819 2404 855 2473 di
875 2430 997 2474 eonse-

76 2536 212 2605 guenze
233 2509 380 2580 sforzaoe
395 2560 404 2592 ,
421 2521 492 2603 ‘per
511 2507 564 2578 via
583 2505 641 2575 del
659 2504 757 2576 buon
777 2533 841 2576 uso
872 2506 908 2575 di
928 2506 998 2575 mia

74 2611 239 2707 ragione:
267 2636 322 2681 ma
347 2609 380 2680 le
408 2611 552 2681 asfermo
577 2634 680 2679 senza
711 2608 996 2702 comprenderle.

76 2715 133 2786 Ho
153 2741 205 2786 un
223 2713 280 2785 hel
299 2712 412 2783 dire‘a
429 2738 486 2785 me
506 2729 636 2783 stesso:
660 2708 730 2782 Dio
751 2715 769 2777 e
790 2708 883 2779 cosi:
910 2707 944 2777 io
963 2709 998 2781 lo

77 2834 206 2901 sento,
236 2817 270 2887 io
290 2842 345 2887 me
372 2815 407 2885 lo
435 2842 541 2913 provo
559 2844 569 2908 3
588 2836 663 2885 non
684 2809 889 2907 ooneepisco
913 2818 998 2906 pero

75 2920 226 3015 megli0,
254 2944 351 2990 come
368 2919 439 2997 :nai
457 2925 529 3017 pub
555 2944 645 2988 esser
665 2917 746 2987 cosi.
777 2912 997 2989 Finalrnente

77 3039 210 3123 quanto
228 3024 291 3120 piu
309 3021 358 3093 mi
377 3022 489 3093 slorzo
509 3020 545 3091 di
565 3018 780 3117 conternplar
802 3017 840 3087 'la
859 3042 920 3088 sua
949 3042 1001 3086 es·

78 3152 184 3197 senza
206 3124 367 3211 infinita,
385 3140 483 3195 tanto
507 3150 612 3195 meno
631 3124 664 3193 la
690 3121 907 3218 concepisco.
934 3118 1000 3191 Ma

77 3228 153 3300 Ella
173 3235 191 3299 ὲ
209 3259 217 3301 :
237 3246 357 3327 questo
377 3228 426 3298 rni
444 3228 547 3298 basta.
569 3224 711 3319 Quanto
730 3252 835 3296 meno
862 3222 895 3295 la
917 3238 1000 3294 'con-

75 3332 240 3428 sepisoo,
267 3348 363 3402 tanto
390 3330 453 3428 piu
471 3328 612 3400 l’adoro.
640 3327 698 3401 Mi
727 3328 873 3412 umilio,
907 3355 925 3395 e
955 3324 1002 3417 gli

74 3434 180 3509 dieo:
200 3434 321 3507 Essere
341 3433 433 3529 degli
452 3430 588 3517 Esseni,
616 3430 650 3502 io
669 3460 755 3504 sono
786 3428 914 3528 perche
942 3428 1005 3502 voi.

74 3538 159 3607 siete
177 3567 189 3611 ι.
205 3544 223 3608 ὲ
244 3564 295 3609 un
315 3534 507 3609 sollevarmi
526 3533 590 3606 alla
609 3534 677 3609 mia
696 3547 855 3629 surgente
880 3528 906 3599 il
925 3554 1004 3600 me·-

876 3804 893 3832 l
