2384 4442
825 442 896 523 165

139 548 178 643 g.
191 572 246 619 12.
267 542 338 617 Sed
357 546 503 616 fateatur
520 544 623 616 etiam
639 570 783 643 oportet,
795 553 949 625 divinam

34 649 287 725 revelationem
316 648 514 719 hominibus
543 651 729 743 praesertim
756 656 793 723 in
821 656 947 730 actuali

30 769 129 825 statu
148 768 281 823 nature
299 749 399 847 lapsae
412 750 515 821 fuisse
527 776 677 847 semper,
697 767 731 821 et
742 778 812 823 esse
829 785 950 831 neces-

29 854 174 927 sariam:
188 880 230 940 1.‚
239 852 281 923 ad
292 878 412 925 verum
423 853 656 924 humanarum
664 852 836 924 actionem
845 859 950 929 finem

30 955 262 1029 determinate
286 956 589 1049 cognoscendum,
615 974 655 1026 ut
672 973 768 1057 patet
796 982 839 1028 ex
860 974 950 1037 vete·

29 1084 114 1129 rum
133 1057 423 1154 Philosophorum
442 1059 665 1156 opinionibus
681 1060 746 1130 bac
762 1058 800 1129 in
808 1084 846 1129 re
857 1086 953 1157 pror·

30 1187 90 1231 sus
110 1158 349 1234 discordibus:
372 1186 403 1233 2.
417 1162 480 1247 ,ad
500 1164 679 1233 internum
699 1178 951 1261 externumque

31 1262 195 1349 cultum,
215 1262 277 1361 qui
295 1261 372 1334 Deo
399 1263 532 1361 placeat
552 1266 666 1337 eidem
692 1264 950 1356 exhibendum,

32 1365 127 1436 cirea
146 1391 251 1463 quem
270 1368 480 1447 omneslere
500 1384 632 1440 veteres
650 1368 795 1466 populi,
825 1368 895 1441 imo
914 1386 950 1442 et

29 1466 229 1565 philosophi
247 1469 394 1565 turpiter
424 1489 608 1563 errarunt;
631 1473 663 1543 3.
686 1472 730 1543 ad
753 1488 950 1547 accuratam

28 1568 273 1642 collectionem
292 1572 543 1643 ellormandem
560 1574 771 1653 naturalium
790 1574 949 1647 omnium

31 1672 237 1745 officiorum.
268 1673 432 1769 Quamvis
453 1675 545 1747 enim
572 1676 708 1771 sin-gula
730 1676 803 1747 haec
834 1678 948 1753 officia

31 1775 166 1846 divisim
189 1793 331 1874 accepta
358 1778 430 1849 solo
460 1796 592 1851 nature
623 1778 754 1849 lumine
785 1781 949 1873 cognosci

29 1878 183 1975 possint,
209 1880 344 1951 nemini
373 1897 489 1953 tamen
516 1882 801 1979 philosophorum
830 1882 949 1953 hacte-

29 2008 97 2051 nus
124 1982 288 2053 usuvenit
317 1982 461 2053 morales
485 1984 720 2055 institutiones
749 1982 884 2055 tradere
903 1986 947 2055 ab

31 2084 129 2155 omni
153 2111 292 2181 prorsus
319 2112 434 2157 errore
455 2086 642 2159 rlelaecatas.
670 2087 714 2158 Et
742 2114 780 2157 re
805 2086 948 2184 quidem

28 2212 108 2257 vera
135 2186 273 2259 nonulli
303 2186 527 2286 Philosophi,
554 2208 594 2260 ut
626 2189 775 2261 vidimus
805 2189 883 2261 Lib.
911 2190 945 2266 Ι.

29 2288 130 2360 etII.
149 2306 345 2361 nostrarum
364 2290 648 2378 Institutionum,
667 2291 895 2364 moralitatem
909 2320 947 2363 0-

28 2418 171 2477 murm,
197 2418 404 2489 omnemque
431 2394 597 2488 justitiam
615 2394 659 2463 ab
686 2394 872 2482 hominum
887 2421 947 2492 pa·

28 2496 91 2565 ctis
113 2511 147 2565 et
167 2493 456 2566 conventionibus
476 2495 580 2565 unice
600 2510 788 2589 repetunt:
812 2496 871 2565 olii
887 2497 944 2590 jus

27 2595 178 2669 fortioris
198 2596 301 2668 unice
321 2613 538 2692 agnoscunt3
559 2595 617 2665 alii
641 2593 757 2665 omnia
775 2596 945 2668 naturalia

28 2699 144 2772 officia
163 2698 271 2771 asola
289 2700 419 2798 privata
438 2699 584 2771 utilitate
596 2712 780 2793 repetunt3
800 2696 858 2765 alii
876 2699 945 2768 sui·

26 2804 159 2875 cidium
173 2832 183 2896 3
197 2802 254 2873 alii
270 2802 535 2874 fornicationem
547 2830 556 2894 3
570 2799 628 2870 alii
640 2797 848 2869 delonnium
858 2798 945 2868 filio-

22 2933 106 2979 rum
145 2904 394 3003 expositionem
420 2904 549 2976 licitam
578 2903 760 2975 aflinnant.
793 2899 944 2971 Divinus

22 3012 97 3109 ipse
127 3007 227 3082 Plato
253 3008 291 3079 in
310 3008 380 3079 suis
405 3007 500 3079 libris
519 3007 562 3078 de
582 3004 775 3101 Repubhca
793 3028 945 3075 uxorum

23 3111 276 3185 comunionem
291 3109 513 3183 introducere
535 3125 679 3181 conatus
699 3122 772 3198 est3
792 3110 827 3198 lp
845 3106 889 3177 ad
909 3134 944 3178 o-

21 3217 119 3289 mnia
149 3214 320 3285 naturalia
351 3213 464 3285 officia
494 3211 680 3285 efficaciter
709 3208 944 3297 insinuanda,

20 3319 158 3391 nedum
177 3317 345 3403 excultis,
374 3314 434 3387 sed
454 3316 558 3387 etiam
575 3313 721 3385 rudibus
744 3313 943 3385 hominibus

23 3420 354 3523 'quiphilosophicas
366 3418 674 3490 demonstrationes
686 3416 853 3510 attingere
865 3413 945 3483 nul-

18 3525 158 3599 latenus
178 3540 349 3621 possunt3
373 3523 405 3597 5.
425 3522 467 3595 ad
479 3522 669 3620 perlectam
683 3517 767 3615 legis
779 3514 943 3587 naturalis
