2384 4442
293 439 342 532 34
1163 409 1165 502 t

229 557 289 615 ctu
300 539 473 613 mendacii
483 540 669 641 perniciosi
676 542 804 615 habere
823 541 862 613 in
881 567 916 612 se
933 538 1118 626 solitatem,

229 661 264 717 et
284 671 355 716 esse
373 645 471 717 valde
491 646 707 719 excusabilia.
731 645 837 721 Unde
867 645 979 715 levem
1002 659 1120 715 reatum
1163 661 1164 670 ’

229 764 430 821 contraxere
456 748 656 821 obstetrices
686 735 885 847 Aegyptiac.
910 774 987 845 quae
1005 773 1025 817 a
1041 744 1120 840 llege
1162 745 1165 840 l

229 852 465 947 interrogatae,
485 879 549 925 cur
567 870 689 925 contra
707 879 811 925 suum
828 866 1039 950 preceptum
1053 874 1121 945 pue·
1163 853 1164 922 .

231 982 288 1026 ros
308 952 533 1029 Hebraeorum
553 970 762 1047 servassent,
779 954 982 1028 mentiendo
1000 976 1123 1049 respon·
1163 955 1164 990 ³

230 1058 371 1131 derunt:
384 1090 400 1127 o
412 1058 495 1132 Non
514 1076 597 1131 sunt
610 1056 754 1131 Hebreae
764 1058 856 1131 sicut
868 1054 1046 1153 Aegyptiae
1059 1079 1122 1124 mu-

230 1160 352 1235 lieres:
379 1160 459 1259 ipsae
479 1162 574 1233 enim
599 1160 845 1234 obstetricandi
873 1159 1010 1243 habent,
1032 1155 1124 1229 scien·

234 1265 383 1350 tiatn‚et
401 1265 604 1364 priusquam
623 1266 802 1338 veniamus
819 1262 864 1335 ad
875 1290 932 1335 eas
950 1260 1125 1361 pariuntr3

232 1393 315 1441 cum
338 1366 442 1441 etiam
471 1368 617 1456 trahat,
646 1396 724 1467 que
753 1382 794 1439 ut
818 1365 946 1462 legitur
976 1364 1076 1439 Josue
1101 1385 1126 1431 2.

236 1471 280 1544 V
274 1474 377 1543 ersio.
397 1472 432 1563 4.
454 1482 580 1571 etseq.
603 1470 785 1543 mendacio
804 1496 824 1541 a
841 1467 963 1541 mortis
991 1461 1125 1563 periculo

233 1571 391 1645 liberavit
427 1572 654 1645 Hebraeorum
693 1572 940 1675 exploratores.
969 1568 1126 1641 Prioribus

236 1690 354 1750 autem
383 1674 557 1749 benefecit
587 1674 710 1764 Deus,
737 1692 772 1748 ct
797 1674 917 1748 domos
946 1669 1127 1754 edificavit,

233 1806 312 1851 non·
331 1778 413 1877 quia
438 1778 593 1851 mentitae
619 1797 726 1867 sunt,
754 1778 816 1851 sed
843 1778 926 1878 quia
956 1776 1129 1849 timuerunt

234 1880 354 1954 Deum
371 1909 391 1953 a
410 1910 601 1981 puerorum
611 1882 785 1957 occisione
803 1881 1038 1969 abstinentes3
1056 1876 1130 1948 sicot

231 1985 341 2059 ,etiam
358 1983 466 2059 Josue
492 1985 764 2059 misericordiam
789 2010 869 2079 erga
894 1982 1017 2055 Rahab
1035 1996 1067 2051 et
1082 1977 1130 2048 do·
1163 2025 1164 2036 κ

235 2113 335 2163 mum
362 2087 437 2182 ejus
466 2088 623 2161 exhibuit
645 2115 719 2163 nan
744 2086 841 2189 quod
865 2086 1012 2158 mentita
1040 2096 1129 2163 esset,

236 2189 297 2263 sed
309 2186 390 2287 quia
400 2191 715 2264 misericordiamet
724 2192 797 2289 ipsa
807 2189 939 2263 lecerat
947 2184 1130 2283 cumerplo·

236 2292 432 2381 rator-ibus,
463 2321 524 2367 seu
551 2294 677 2367 clarius
699 2321 774 2367 non
800 2308 940 2391 propter
970 2290 1130 2371 medium,

237 2422 308 2495 quo
345 2398 511 2469 allectum
540 2424 644 2470 sumn
673 2424 753 2492 erga
782 2394 945 2469 Hebraeos
977 2389 1132 2474 ostendit,

242 2498 303 2571 sed
322 2517 462 2600 propter
480 2499 594 2598 ipsum
612 2500 790 2573 affectum.
819 2533 822 2537 ⁴

343 2607 376 2702 ὃ
398 2601 482 2677 266.
501 2605 577 2678 Nec
597 2603 702 2675 etiam
719 2602 909 2675 diffitemur
933 2628 978 2674 ex
1004 2598 1134 2673 rationa-

236 2706 300 2779 bili
318 2732 421 2781 causa
438 2706 543 2781 licere
566 2706 762 2779 locutiones
789 2704 1030 2803 hyperbolicas
1058 2716 1090 2773 ct
1103 2698 1135 2769 fi-

234 2804 1136 2906 guratas‚imoetiamambiguas‚sinecessitasurgeal

238 2912 417 2986 veritatem
436 2914 599 3001 celandi,
622 2929 658 2984 et
686 2911 772 2985 alius
791 2938 866 2984 non
883 2912 1009 2983 babeat
1037 2909 1090 3006 jus
1105 2904 1135 2975 il-

223 3014 310 3085 ¹„lam
328 3016 509 3111 exigendi3
528 3043 568 3089 ac
587 3014 740 3114 denique
760 3014 798 3085 in
816 3014 985 3087 similibus
1016 3011 1135 3085 casibus
1163 3093 1164 3096 Ἴ

239 3118 473 3191 restrictioues
491 3146 566 3192 non
584 3145 671 3216 pure
700 3117 891 3205 mentales,
914 3144 992 3217 quae
1019 3112 1136 3187 scilicet
1163 3115 1164 3196 l

240 3222 379 3297 attentis
400 3220 600 3293 extrinsecis
627 3220 894 3295 circumstantiis
911 3221 954 3291 ab
980 3211 1137 3291 audienti·

237 3331 304 3403 bus
334 3324 467 3425 percipi
493 3340 658 3424 possunt:
684 3350 756 3421 quo
784 3322 886 3395 titulo
918 3320 1078 3396 Christus
1104 3315 1137 3386 de

242 3432 298 3505 die
317 3427 447 3528 judicii
459 3427 542 3499 ¹sine
572 3426 754 3499 mendacio
774 3425 886 3513 dixit,
913 3452 949 3498 se
978 3422 1073 3495 illam
1089 3444 1138 3495 ne.-

240 3535 353 3623 scire,
372 3531 504 3613 scilicet
521 3530 565 3601 ad
587 3528 826 3615 revelandum,
845 3543 965 3625 utpote
977 3525 1031 3597 sui
1044 3524 1140 3598 AEter·

242 3637 280 3709 ni
299 3636 410 3723 Patris
430 3634 610 3731 Legatum.
634 3629 767 3704 Eodem
783 3630 885 3704 titulo
901 3626 1140 3703 :confessarius
1163 3631 1164 3652 ¹

1162 3889 1165 4018 p
