2384 4442
825 470 875 545 99

37 571 173 642 societatis,
192 582 221 629 et
240 571 368 629 amicitiae
388 590 448 629 non
467 569 595 629 excludit
614 588 728 629 omnem
747 573 942 649 superioria-¹

37 662 98 716 ten,
119 660 145 705 et
162 659 329 723 potestatem
351 648 435 705 etiam
455 646 645 714 directivam,
663 667 716 704 nec
735 648 831 704 uxoris
857 650 933 705 dire·

37 724 97 779 ctiva
114 722 305 779 subm-dinatio
327 735 459 799 respectu
484 722 553 790 viri,
574 736 604 779 et
625 722 801 798 perfectioris
828 724 943 789 indivi·‚

38 797 78 854 dui
97 796 147 854 dici
161 809 255 873 potest
276 798 400 873 positiva
425 797 624 873 imperfectio,
643 796 716 853 sicut
731 797 793 852 talis
809 796 865 854 diei
882 806 939 857 no!

38 873 88 947 quit
99 872 269 949 Angelorum
285 873 482 929 subordinatio
494 872 524 927 in
537 870 704 928 Hierarehia
714 870 857 946 Angelica.
869 874 932 931 Imo

35 967 87 1004 cum
103 948 208 1004 nonnisi
228 946 259 1001 in
278 962 412 1005 mutuum
425 961 512 1005 status
532 947 689 1023 conjugalis
712 946 823 1003 bonum
851 947 933 1005 cede·

36 1034 92 1091 ret,
108 1042 179 1080 uxor
197 1022 286 1079 sciens
306 1044 334 1081 se
354 1045 413 1080 non
435 1023 565 1081 ancillam
580 1064 590 1090 ,
607 1023 657 1079 sed
680 1021 785 1079 sociam
803 1040 864 1075 non
882 1043 937 1079 vo».

35 1095 126 1155 luntatc
144 1118 212 1175 repu
236 1110 341 1169 nante,
363 1099 413 1156 sed
431 1100 470 1155 ho
493 1113 551 1155 esta
567 1098 596 1155 vi
615 1096 803 1173 impellente,
822 1109 933 1153 natum

36 1172 141 1229 officium
164 1119 337 1249 impievisset
350 1176 432 1249 juxta
454 1120 529 1229 illud
549 1174 635 1229 Plinii
649 1178 679 1229 in
694 1177 842 1248 Panegyr.
861 1175 888 1228 T
884 1194 942 1237 ra·⁸

30 1253 89 1321 yoni
99 1269 128 1303 :e
143 1250 227 1311 uxori
248 1249 353 1308 sufficit
366 1249 497 1326 obsequii
516 1249 605 1327 gloria
620 1273 646 1305 r.

116 1366 147 1461 §.
168 1366 252 1464 339.
264 1366 442 1465 'Sequitur
463 1370 496 1461 4
515 1366 654 1465 utrique
674 1366 811 1464 parenti
829 1393 849 1438 a
867 1393 929 1439 na-

33 1480 94 1538 tura
119 1469 394 1542 commendatam
423 1497 495 1541 esse
525 1470 631 1569 prolis
661 1471 943 1561 educationem,

33 1570 193 1670 ambosque
224 1572 371 1671 proinde
391 1573 435 1645 ad
453 1574 708 1671 providendum
729 1575 867 1662 teneri,
887 1591 941 1648 ut.

32 1670 79 1743 filii
103 1674 273 1763 habeant,
302 1675 396 1774 quod
427 1677 661 1757 necessarium
688 1694 739 1748 est
761 1677 930 1749 advitam

32 1777 236 1867 servandam,
256 1779 414 1877 viresque
432 1780 607 1875 augendas
621 1835 630 1866 ,
646 1781 799 1877 itemque
820 1798 860 1851 ut
872 1808 938 1851 eor

32 1902 93 1948 mm
112 1882 214 1953 animi
239 1882 384 1953 utilibus
409 1882 692 1977 cognitionibus,
716 1900 754 1953 ct
780 1884 927 1955 maxime

30 1978 189 2057 virtutibus
207 2012 273 2083 per
292 1985 479 2057 domestica
498 2003 691 2083 praecepta,
719 2002 753 2057 et
773 1987 929 2085 exempla

29 2080 215 2161 imbuantur.
228 2086 314 2161 Non
327 2116 407 2183 ergo
419 2104 579 2161 naturam
591 2089 718 2161 ducem
730 2106 927 2187 sequuntur

29 2204 131 2260 matres
148 2191 213 2263 illae
231 2219 328 2288 ,quae
347 2192 433 2270 citra
444 2192 683 2265 necessitatem
702 2191 815 2263 alieno
834 2193 924 2264 lacte

29 2291 167 2365 nutriunt
188 2294 366 2381 infantes,
386 2294 476 2366 sicut
495 2296 598 2367 etiam
620 2312 733 2393 patres
759 2295 835 2383 illi,
863 2296 926 2394 qui

29 2390 85 2463 sine
108 2397 301 2469 rationabili
328 2426 429 2471 causa
455 2397 543 2470 filios
572 2425 652 2471 suos
675 2398 749 2472 aliis
768 2400 924 2497 praebent

29 2493 276 2597 infonnandos(
308 2503 331 2600 ).

87 2646 360 2733 (1)Lampredihac
380 2647 410 2701 in
430 2666 460 2703 re
480 2646 534 2702 ait:
553 2672 566 2730 a
586 2644 663 2701 idem
690 2648 804 2717 sanguis
834 2646 926 2703 estin

29 2716 142 2778 uberibus
163 2744 213 2798 qur
234 2722 264 2777 in
296 2736 377 2779 utero
398 2722 478 2791 fuit,
510 2742 620 2795 quique
650 2720 786 2775 mirabilis
817 2721 928 2777 solertis

28 2807 115 2851 naturae
134 2797 255 2855 artifieio
276 2796 306 2851 in
326 2817 463 2872 supernas
477 2816 504 2853 se
518 2797 630 2873 profert
652 2807 760 2870 partes,
778 2808 808 2851 et
831 2796 868 2849 ed
887 2795 927 2849 fa·

28 2870 101 2925 reuda
116 2872 179 2929 vita
199 2871 364 2931 rudimenta
380 2886 482 2947 praesto
498 2882 560 2939 est,
581 2883 610 2927 et
622 2889 720 2927 recens
735 2870 808 2925 natis
824 2883 928 2927 notum

27 2954 47 2997 et
59 2943 214 3005 familiarem
230 2946 340 3005 victum
356 2946 472 3021 praebet.
489 2946 606 3003 Naturae
622 2964 689 3019 ergo
710 2946 828 3003 vocibus
843 2943 938 3001 aures*

27 3017 183 3093 occludunt,
204 3036 233 3081 et
253 3036 413 3087 maternum
434 3034 546 3079 exuunt
577 3040 704 3076 amorem
730 3021 926 3097 impurissimae

26 3090 150 3176 feminae,
170 3118 236 3175 quae
257 3098 364 3153 fontem
381 3096 462 3152 illurn
482 3096 687 3153 sanctissimum
701 3097 821 3157 humani
841 3118 925 3174 gene·

26 3185 53 3222 ns
70 3170 248 3231 educatorem
268 3174 419 3240 arefacere,
433 3185 462 3228 ct
477 3171 644 3246 extinguere
660 3190 721 3228 nou
739 3173 798 3229 sine
813 3173 928 3249 pericu·

27 3238 48 3295 lo
65 3248 146 3303 aversi
164 3248 350 3321 corruetique
373 3246 451 3303 lactis
471 3245 628 3312 laborant,
653 3244 734 3305 velut
748 3247 770 3305 si
790 3267 926 3303 mamma-

26 3336 76 3374 rum
96 3322 204 3391 ubera,
231 3336 265 3380 ut
281 3323 389 3378 Gellius
406 3322 456 3377 ait:
474 3322 658 3377 Noct.Attie.
673 3323 737 3379 Lib.
750 3345 772 3381 1.
790 3326 862 3397 Cap.
883 3340 923 3377 12.

26 3396 90 3465 quasi
103 3399 244 3473 quosdam
263 3398 389 3455 naevulos
410 3397 585 3454 venustiores
601 3416 661 3453 non
673 3397 831 3456 liberorum
852 3396 926 3452 alen·

25 3466 111 3529 dorum
130 3475 179 3533 sed
200 3472 323 3531 ornandi
342 3472 465 3553 pectoris
490 3470 580 3549 gratia
599 3485 702 3531 natura
734 3472 852 3531 foeminis
877 3471 926 3528 de-

26 3544 100 3605 disset.

668 3624 688 3700 5
698 3629 718 3670 *f

392 4000 625 4119 dootto
