2384 4442
894 441 908 485 r

19 530 84 586 ret
105 513 286 585 cambium
304 513 507 614 obliquum,
520 541 591 615 quo
609 515 836 590 mutuatarius
866 441 957 592 imus

19 616 181 690 assumit
212 618 353 689 cambiis
394 619 596 714 negotiandi
634 635 764 692 tantam
799 622 960 718 pecunia

19 745 231 808 summam,
248 736 414 821 quautam
432 722 475 792 ab
495 720 562 793 alio
571 738 730 796 mutuam
749 723 902 820 accepit,
921 724 964 798 in

23 824 147 920 hujus
178 839 296 894 tamen
326 823 570 913 commodum,
601 841 636 896 et
665 823 870 914 utilitatem,
900 827 959 900 cui

21 924 185 1025 proinde
204 927 433 998 mutuatarius
453 926 583 999 solvere
602 927 790 1026 quotannis
817 944 958 1002 tenetur

22 1045 214 1128 quantum
231 1030 408 1117 lucratur,
437 1047 498 1102 aut
516 1031 707 1130 prudenter
725 1029 853 1102 lucrari
881 1057 958 1127 pos·

23 1151 106 1219 set,
140 1131 256 1204 donec
280 1132 319 1204 ei
345 1148 510 1204 mutuum
537 1134 706 1206 restituat.
735 1131 832 1229 Quid
863 1133 958 1206 enim

24 1190 245 1323 absirrdius,
263 1234 349 1334 quid
360 1236 598 1308 lneredsblltus
609 1236 694 1333 fingi
705 1252 836 1334 potest
854 1261 959 1336 quam
1031 1249 1045 1264 ³

25 1338 132 1438 quod
153 1339 271 1412 Titius
288 1337 448 1435 indigens
466 1339 560 1422 mille
572 1340 707 1427 aureis,
727 1366 813 1438 quos
832 1355 957 1412 mutuo

25 1441 175 1540 accepit
193 1439 324 1538 aCajo,
331 1441 477 1514 totidem
493 1443 608 1514 statim
626 1458 759 1541 paratos
778 1441 930 1528 habeat
921 1467 966 1522 m

26 1546 147 1618 activa
169 1545 303 1616 carnhia
321 1543 540 1642 erogandos
529 1573 567 1616 m
586 1545 777 1618 mutuantis
798 1524 876 1642 Caji
891 1546 958 1626 uti&

23 1647 198 1722 litatem?
218 1647 369 1720 Nonnisi
388 1674 471 1743 ergo
481 1647 526 1719 ad
544 1648 752 1746 palliandam
762 1673 906 1720 usuram
916 1665 959 1722 ut
1002 1732 1004 1736 ¹

24 1751 230 1850 plurimum
248 1750 348 1822 diota
370 1751 534 1822 involuta
552 1752 709 1846 ambages
734 1749 954 1823 adhibentur.

25 1853 119 1928 Dixi
138 1871 258 1925 tamen
276 1871 318 1924 ut
333 1853 548 1952 plurimum,
567 1854 649 1952 quia
667 1853 743 1924 fieri
760 1867 895 1950 potest,
916 1867 958 1924 ut

27 1975 205 2032 mutuans
223 1956 317 2029 licite
340 1955 560 2032 tantumdem
577 1957 690 2052 exigat
709 1982 750 2028 ex
777 1953 879 2026 titulo
899 1953 958 2028 da·

28 2061 113 2133 mni
143 2058 374 2156 emergentis,
401 2076 462 2132 aut
481 2059 572 2131 lueri
599 2058 772 2132 cessantis.
799 2055 871 2130 Sed
890 2057 958 2130 hoo

28 2167 142 2239 etiam
161 2163 200 2234 in
220 2190 301 2237 casu
322 2163 426 2236 satius
446 2165 535 2236 foret
553 2163 650 2238 hune
669 2161 863 2260 legitimum
875 2160 958 2235 titu-

29 2267 113 2339 lum
129 2267 173 2338 in
183 2267 339 2340 medium
356 2269 533 2364 proferre,
551 2266 710 2366 quemad
723 2263 854 2364 obliqui
866 2289 957 2336 cam-

29 2371 83 2442 bii
105 2371 285 2444 anfractus
302 2397 506 2443 recurrere·
497 2371 589 2469 q,ui
606 2371 848 2476 vehementem
865 2368 958 2439 frau-

34 2474 92 2548 dis
116 2489 154 2546 et
178 2472 250 2547 doli
267 2474 500 2570 suspicionem
528 2475 607 2546 lere
620 2470 755 2569 semper
783 2471 959 2566 ingerunt.

150 2579 184 2674 3
207 2579 291 2650 313
310 2575 547 2650 Diversimode
565 2576 750 2674 loquamur
769 2587 903 2668 oportet
914 2571 959 2642 de

33 2678 177 2753 cambio
195 2673 336 2767 reali,
310 2707 379 2754 sive
397 2679 558 2753 manuale
577 2677 666 2749 illud
685 2677 742 2764 sit,
761 2671 856 2774 quod
876 2699 959 2744 con·

32 2783 127 2856 sistit
156 2783 195 2855 iu
223 2811 304 2856 vera
320 2782 574 2882 permutatione
596 2779 755 2882 pecunia
782 2775 958 2895 praesentis

31 2913 120 2960 cum
117 2887 301 2984 prasenti
319 2885 599 2988 diversoespeciei
619 2879 813 2956 strationis
838 2907 890 2952 ex.
911 2905 958 2974 gr

30 2990 671 3088 aureaeoumargentea‚minoriscum
682 2987 826 3086 majore,
838 2981 963 3082 patrio

30 3119 119 3167 oum
139 3111 282 3166 externa
300 3110 390 3182 eto,
409 3094 478 3167 sive
496 3093 628 3180 locale,
645 3093 711 3164 hoc
732 3108 783 3164 ast
812 3115 874 3187 per
899 3085 956 3158 lit-

29 3214 150 3282 teras
169 3197 266 3296 quod
285 3197 440 3271 consistit
461 3197 500 3270 in
518 3223 598 3270 vera
616 3193 869 3295 permutatione
893 3217 956 3288 pe·
980 3275 981 3279 Ἰ

30 3300 149 3374 euniae
169 3301 345 3399 praesentis
365 3327 447 3378 cum
465 3299 628 3386 distanti,
650 3327 700 3372 ex
718 3326 764 3417 gr.
784 3326 813 3368 si
803 3291 956 3392 aliquis

31 3404 206 3502 sampsori
233 3406 244 3502 l
256 3404 361 3500 vulgo
386 3403 597 3501 bauchiere)
620 3402 807 3500 pecuniam
833 3397 954 3472 Roma

31 3524 221 3595 numeret,
252 3525 286 3581 et
305 3533 462 3606 eampsor
490 3505 619 3578 illidet
647 3505 777 3578 litteras
805 3496 956 3583 cambii,

34 3638 187 3711 quarum
213 3638 246 3684 vr
237 3609 414 3684 eandem
440 3635 609 3684 summam
635 3609 777 3706 recipiat
808 3599 954 3677 Parisiis.
1016 3689 1019 3700 ἡ
