2384 4442
243 525 357 602 tinere
375 517 523 618 prestita
542 516 696 616 operario
710 527 867 615 congrua
876 517 1065 609 mercede,
1084 522 1161 618 quia

244 627 299 702 his
308 624 436 710 rebus,
454 637 495 694 ut
505 622 680 719 sapienter
691 619 971 694 animadvertunt
982 621 1161 696 Iuriscon-

244 727 329 802 sulti
348 724 517 811 Romani,
535 724 690 822 rigorose
707 723 885 821 loquendo
912 750 1004 796 nova
1034 727 1161 822 species

245 854 320 904 nou
338 827 399 916 fit,
418 826 479 900 sed
497 853 536 899 ea
550 853 657 926 ‚quse
677 842 728 898 est
715 825 929 1000 sdetegitur.

355 931 390 1028 9
411 931 495 1004 282.
507 883 635 1024 Quoad
646 928 886 1002 confusionem
899 929 1056 1027 denique
1068 985 1080 1018 ‚
1092 959 1163 1031 que

248 1054 338 1112 tunc
355 1030 483 1107 accidit
512 1032 653 1132 quando
681 1059 827 1130 corpora
855 1031 1049 1104 distincta
1037 1049 1089 1106 rta
1106 1036 1189 1106 mi

244 1154 411 1224 secutur,
429 1152 471 1208 ut
487 1135 527 1208 in
545 1134 863 1210 unumcoeleseant
875 1135 991 1234 ‚quin
1013 1135 1089 1209 ulta
1108 1137 1163 1211 de·

248 1241 378 1337 signari
396 1239 502 1339 possit
520 1266 621 1337 pars,
639 1265 717 1336 quse
735 1264 809 1312 non
839 1239 882 1310 sit
900 1236 1089 1336 utriusque
1109 1241 1164 1313 do·

247 1345 337 1420 mini
350 1359 408 1431 ‚ut
425 1343 454 1414 si
471 1367 591 1416 meum
608 1341 730 1413 vinum
749 1367 832 1414 cum
856 1355 917 1414 tuo
935 1340 974 1412 in
988 1339 1102 1430 dolio,
1114 1345 1164 1416 vel

244 1471 366 1520 meum
391 1471 475 1517 cum
503 1462 566 1518 tuo
592 1443 709 1516 tritico
733 1443 771 1516 in
796 1445 921 1518 horreo
950 1443 1165 1533 misceatur,

243 1545 393 1620 naturali
417 1547 569 1644 aequitati
587 1563 863 1620 consentaneum
892 1547 1036 1619 omnino
1073 1549 1164 1622 vide·

243 1667 326 1739 tur,
355 1648 450 1748 quod
470 1665 581 1722 totum
612 1675 655 1724 ex
684 1650 891 1723 confusione
919 1649 1096 1724 resultans
1124 1654 1163 1724 sit

244 1769 400 1854 prorata
417 1753 557 1853 ιιιιὶιιιιιι
577 1777 776 1828 commuue.
795 1753 870 1827 Nec
890 1751 1010 1839 aliter,
1039 1771 1084 1826 ut
1108 1781 1164 1853 pa·

247 1874 361 1931 teter
380 1856 502 1947 dictis,
525 1857 584 1954 (§.
607 1855 715 1952 281.)
742 1856 785 1948 de
805 1855 1063 1954 specificatione
1088 1885 1164 1930 seu·
1188 1941 1189 1958 ἦ

240 1960 483 2048 -tiendum,si
512 1958 637 2032 diversi
665 1959 800 2056 generis
826 1958 975 2030 materiae
1005 1962 1162 2034 confuse
1188 1979 1189 2020 t

246 2063 403 2150 fuerint,
423 2081 458 2136 et
476 2063 578 2136 exiis
607 2089 696 2134 nova
723 2061 852 2161 species
881 2062 1086 2151 efformata,
1115 2091 1162 2137 ex.
1188 2061 1189 2086 *

246 2190 296 2260 gr.
315 2192 358 2237 ex
375 2165 482 2253 vino,
502 2183 536 2240 et
561 2165 663 2238 melle
693 2166 867 2252 mulsum,
888 2191 930 2238 ex
956 2164 1075 2236 tritico
1093 2221 1102 2253 ‚
1133 2185 1165 2239 et

244 2265 374 2365 lupulis
394 2269 575 2357 cerevisia,
594 2296 637 2342 ex
656 2295 763 2356 auru,
784 2285 818 2340 et
829 2283 970 2365 argento
983 2266 1163 2342 electrum

343 2372 385 2467 9
407 2372 490 2444 283.
511 2371 583 2444 Sed
601 2373 672 2468 jum
690 2371 769 2444 satis
796 2371 903 2468 egisse
931 2369 1095 2442 videmur
1124 2373 1164 2446 de

246 2471 359 2545 modis
375 2475 581 2573 acquirendi
600 2473 815 2562 dominium,
835 2474 896 2574 qui
913 2472 1018 2570 vulgo
1037 2474 1164 2548 dicun·
1188 2521 1189 2524 =

243 2591 303 2649 tur
328 2577 532 2675 originariis
561 2578 722 2650 breviter‘
752 2605 848 2650 nunc
884 2577 1094 2650 disseramus
1123 2580 1163 2652 de

244 2680 357 2753 modis
375 2681 593 2768 derivativis,
613 2681 674 2780 qui
694 2681 883 2778 generatim
901 2679 971 2753 duo
990 2699 1098 2756 sunt:
1116 2683 1163 2754 di·

247 2784 332 2857 visio
351 2785 539 2874 nimirum,
559 2802 593 2857 et
604 2784 797 2857 voluntarra
817 2782 961 2856 dominii
973 2785 1164 2858 translatio.

345 2889 379 2984 9.
400 2889 484 2982 284.
511 2888 567 2961 Ad
585 2887 850 3005 primumquod
877 2886 999 2958 attinet
1025 2913 1084 2959 res
1104 2917 1189 2988 po

242 2989 307 3059 sita
324 2990 362 3059 in
382 2993 627 3065 communione
650 2989 794 3088 positiva
820 3005 937 3109 potest·
950 2990 1079 3087 procul
1099 2993 1189 3065 du-

241 3090 300 3160 bio
318 3093 504 3187 partialiter
533 3093 681 3191 alicujus
709 3093 794 3166 socii
822 3092 969 3208 propria·
987 3093 1161 3182 evadere,

241 3192 270 3262 si
288 3218 413 3292 nempe
432 3224 458 3268 a
470 3197 639 3270 consociis
665 3213 760 3296 petat
786 3225 855 3270 suae
884 3212 959 3309 port
960 3195 988 3266 is
1008 3196 1189 3294 assigna-

240 3295 394 3367 tionem·
386 3326 520 3396 ‚quam
537 3303 693 3398 profecto
712 3300 832 3398 quovis
858 3318 1013 3396 tempore
1042 3321 1164 3396 postu·

239 3399 311 3472 lare
329 3399 437 3487 licet,
456 3402 523 3472 nisi
542 3420 642 3500 paeto
663 3421 805 3476 cautum
825 3403 955 3488 fuerit,
983 3418 1067 3474 ante
1091 3431 1163 3476 cer·

240 3519 317 3574 tum
315 3522 470 3622 ‘tempus
488 3531 562 3576 non
582 3533 653 3578 esse
672 3505 883 3604 petendam,
913 3503 1023 3577 vel
986 3504 1056 3576 nrsi
1079 3533 1163 3580 eon·

241 3607 341 3678 sociis
370 3635 470 3705 grave
500 3607 667 3682 damnum
694 3636 736 3682 ex
755 3606 959 3684 divisione
949 3608 1160 3702 immineat3
1188 3595 1189 3684 i
