2384 4442
164 549 303 645 8323.
323 548 492 622 Locatio·
504 549 668 622 conduct'
644 567 691 622 tro
718 567 769 624 est
782 568 982 626 contractus

64 677 255 770 onerosus,
275 680 345 752 quo
367 653 445 750 quis
467 678 530 750 pro
551 670 644 724 certa
662 655 819 751 pecuniae
842 655 978 756 quanti-

59 770 128 824 tate
144 782 197 827 rer
207 783 281 827 suae
299 783 404 827 usum
416 754 516 827 alteri
535 755 708 828 concedit.
730 753 823 829 Cum
835 785 915 854 ergo
927 757 979 828 rei

61 855 261 930 ¹dominium
279 885 354 930 non
378 860 638 946 transferatur,
659 859 842 932 locatarius
871 889 909 931 re
929 859 983 932 uti

68 958 185 1048 dehet,
205 961 307 1058 juxta
324 988 518 1059 expressam
543 962 599 1034 vel
624 915 872 1034 rationabiliter
901 989 986 1060 pra-

67 1080 235 1160 sumptam
252 1063 400 1136 locantis
411 1064 556 1137 Domini
571 1064 808 1153 voluntatem,
830 1063 979 1163 ideoque

65 1190 127 1234 nec
156 1166 291 1237 illam
279 1195 359 1264 Jure
382 1168 533 1239 vendere
560 1167 711 1266 poterit,
730 1195 798 1242 nec
823 1167 980 1288 donare,

68 1291 127 1338 nec
150 1269 413 1367 oppignorare,
436 1299 503 1343 nec
530 1271 629 1342 alteri
648 1271 787 1358 locare,
813 1270 881 1342 nisi
903 1297 980 1387 per·

67 1369 204 1443 missurn
234 1372 274 1444 id
300 1372 464 1445 fueritin
485 1389 677 1446 contracto.
709 1373 795 1446 Inde
824 1374 936 1472 sequit
938 1400 982 1444 ur

24 1510 25 1515 ι
64 1471 189 1562 etiam,
208 1501 287 1547 rem
304 1477 452 1548 locatam
473 1505 547 1548 non
567 1477 902 1550 esseaconductore
923 1475 981 1547 de

24 1626 25 1649 1
68 1576 321 1666 teriorandam,
350 1580 418 1650 nisi
445 1596 617 1678 quantum
645 1579 856 1652 rationabilis
887 1577 979 1650 illius

70 1703 145 1750 usus
170 1709 358 1754 concessus
382 1683 562 1780 postulat,
586 1699 622 1754 et
644 1682 672 1753 si
693 1682 771 1780 plus
795 1681 982 1755 deteriore-

69 1794 122 1850 tur
142 1837 151 1869 ,
169 1784 347 1858 damnum
374 1785 517 1857 domino
544 1785 773 1856 sarriendum.
805 1785 982 1881 Impensas
1070 1868 1077 1881 ι
1161 1833 1165 1840 «

24 1922 25 1939 1
70 1888 295 1976 necessarias,
314 1905 419 1960 utres
438 1888 550 1960 locata
568 1887 650 1960 usui
669 1913 833 1960 concesso
853 1886 979 1958 idonea

24 2000 25 2066 ᾗ
70 2008 280 2080 perseveret,
300 1991 390 2064 ferre
412 1992 517 2064 dehet
545 1991 689 2108 locans,
709 1989 791 2088 quia
818 1988 980 2061 dominus

24 2140 25 2145 η
71 2105 117 2159 est
131 2110 194 2176 ,et
213 2093 365 2166 vicissim
386 2095 464 2192 jure
483 2094 610 2192 poterit
628 2094 718 2166 locat
705 2093 811 2164 tarius
830 2119 980 2164 conven-

24 2216 26 2243 ὲ
73 2146 143 2264 tuni
161 2197 316 2293 pretium
327 2197 550 2294 denegare,
541 2224 611 2270 nno
623 2213 841 2270 contractum
853 2223 983 2268 rescm

24 2312 25 2393 j
71 2291 145 2366 dere
162 2327 218 2385 ,si
208 2298 361 2371 locans
383 2318 508 2373 renuat
527 2329 653 2399 corrup
655 2317 725 2372 tam
748 2327 824 2370 rem
851 2299 981 2370 instau-

24 2438 25 2465 ι
74 2421 142 2468 rare
157 2402 343 2500 ,quamvis
371 2404 547 2502 corruptio
570 2432 613 2474 ex
638 2430 719 2474 casu
741 2403 884 2473 fortuito
909 2429 984 2472 eve-

24 2588 25 2595 *
73 2500 180 2577 uerit:
199 2505 364 2622 iniquum
380 2506 475 2578 enirn
495 2522 604 2592 esset,
625 2505 719 2602 quod
730 2503 914 2576 locatarrus
926 2503 985 2574 da

24 2609 26 2677 Ῐ
73 2624 189 2678 mltum
207 2608 352 2680 sentiret
373 2609 558 2708 praestandi
575 2623 782 2678 conventam
798 2607 986 2722 pecuniam

77 2705 190 2798 quina
208 2739 245 2782 se
268 2711 440 2783 intentam
457 2711 643 2806 utilitatem
666 2723 917 2804 consequatur,
931 2708 986 2778 ni-

24 2814 25 2827 *
75 2805 100 2874 si
120 2836 159 2882 ex
177 2831 378 2888 contractus
390 2813 649 2887 conditionibus
666 2826 850 2910 appareat,
870 2809 985 2906 ipsum

74 2932 108 2977 ¹11
129 2939 163 2984 se
185 2943 304 2989 casum
326 2919 501 3016 suscipere
522 2915 682 2990 voluisse.
701 2915 756 2988 De
779 2911 983 2988 Locatione-

76 3015 302 3092 conductione
322 3047 506 3119 operarum
520 3020 620 3092 infra

174 3123 258 3217 324
272 3123 446 3211 Societas,
466 3152 543 3222 quae
558 3119 801 3219 negotiationis
815 3119 920 3217 gratia
931 3121 984 3191 in

77 3215 243 3314 stituitur,
262 3227 351 3298 etde
363 3255 432 3325 qua
451 3227 564 3298 solum
582 3251 681 3297 nunc
699 3224 899 3323 loquimur,
914 3239 982 3296 est:

83 3346 96 3382 «
117 3343 309 3401 contractus
335 3357 524 3416 onerosus,
551 3356 622 3426 quo
645 3327 715 3399 (luo
734 3328 788 3400 vel
807 3325 952 3425 plures
943 3352 981 3393 m

80 3442 254 3503 commune
281 3459 358 3505 suas
384 3459 439 3504 res
465 3448 526 3504 aut
555 3459 674 3529 operas
703 3432 915 3512 conserunt,
942 3442 983 3498 ut
1010 3437 1011 3440 ’

80 3523 195 3604 exinde
221 3534 360 3608 lucrum
377 3552 438 3608 aut
456 3535 623 3607 damnum
648 3531 982 3606 communicetur».
