2384 4442
888 508 937 555 21

178 583 212 677 S„
234 582 319 675 248.
337 581 490 657 Pessime
508 582 650 657 tandem
667 584 761 659 idem
790 582 986 659 Hobbesius

71 682 255 782 physicam
284 684 442 758 omnium
460 686 644 761 hominum
672 688 905 789 [equalitatem
934 688 994 761 de-

72 804 268 861 monstrare
288 804 449 877 conatur,
469 806 546 862 tum
564 790 645 891 quia
657 792 753 891 quod
768 792 875 893 aliqui
892 792 993 865 roho·

70 917 111 961 re
131 918 205 963 non
223 908 395 989 possunt,
425 892 554 965 malitia
572 911 744 992 possunt,
769 912 805 967 et
829 922 892 993 per
909 894 992 967 inei·

74 992 171 1081 dias,
191 1010 268 1066 tum
279 995 361 1094 quia
380 1020 500 1068 omnes
513 1013 548 1069 et
566 997 695 1095 singuli
705 997 863 1071 homines
883 1024 995 1095 aequa·

71 1095 120 1168 lia
141 1114 262 1170 eontra
280 1124 315 1169 se
335 1098 486 1171 invicem
504 1118 676 1198 possunt,
703 1126 830 1199 nempe
857 1098 994 1173 occide·

72 1226 122 1272 re.
143 1199 235 1273 Nam
259 1226 288 1273 1.
307 1202 519 1300 experientia
530 1202 831 1303 testatur,aliquos
842 1230 915 1275 esse
932 1203 995 1275 ho-

70 1302 185 1373 mines
215 1303 349 1376 nedum
375 1306 526 1394 robore,
557 1307 618 1380 sed
654 1306 758 1381 etiarn
786 1304 928 1401 ingenio
959 1321 994 1377 et

70 1404 204 1477 malitia
223 1405 296 1477 aliis
320 1406 520 1481 hominibus
544 1410 748 1483 inferiores:
774 1406 914 1481 Deinde
933 1434 994 1504 po·

71 1507 184 1579 tentia
203 1508 388 1583 occidendi
407 1538 480 1583 non
500 1512 676 1613 equaliter
694 1512 732 1583 in
761 1510 922 1583 omnibus
942 1526 993 1581 est

71 1611 256 1709 expedite,
274 1614 491 1713 proindeque
522 1616 562 1689 in
589 1616 752 1689 omnibus
769 1614 889 1687 locum
916 1639 991 1685 non

69 1714 177 1787 habet
196 1731 363 1813 praetense
382 1718 509 1791 virium
527 1718 708 1819 equalitas.

347 1920 591 1998 CAPUT
645 1923 710 1997 ΙΙΙ.

106 2122 168 2201 De
187 2125 430 2204 Naturaliter
449 2128 603 2203 hominis
620 2153 710 2226 erga
723 2132 812 2203 alios
829 2125 954 2229 officiis
1048 2134 1052 2139 ’

422 2232 650 2335 imperfectis.
794 2319 819 2383 ο

175 2439 209 2533 S„
232 2440 315 2537 249.
337 2435 447 2512 Amor
464 2440 597 2527 nostri,
616 2456 657 2512 ut
675 2464 779 2537 supra
801 2438 813 2536 l
824 2438 859 2535 §.
885 2439 986 2537 147.)

70 2538 245 2629 vidimus,
276 2541 323 2613 ita
354 2542 532 2615 ordinatus
552 2570 625 2615 esse
655 2541 782 2629 debet,
812 2558 853 2613 ut
881 2540 992 2614 amori

70 2640 143 2714 Dei
162 2644 393 2741 subjiciatur,
412 2660 447 2717 et
474 2670 627 2718 amorem
644 2645 792 2716 aliorum
808 2642 994 2717 hominum

70 2772 148 2816 non
168 2746 337 2821 excludat.
359 2746 453 2822 Cum
473 2747 568 2819 enim
587 2772 707 2820 omnes
719 2745 863 2818 omnino
880 2746 992 2817 homi·

70 2875 135 2921 nes
155 2849 193 2921 in
212 2868 336 2924 natura
357 2850 590 2940 conveniant,
616 2866 651 2923 et
670 2874 790 2923 omues
813 2847 857 2919 ad
875 2848 992 2946 pacifi-

70 2978 150 3025 cam
168 2953 260 3027 inter
279 2982 315 3027 se
340 2955 563 3044 societatem,
582 2981 651 3028 nec
680 2979 754 3025 non
773 2950 817 3023 ad
846 2950 991 3024 felicita.

67 3072 142 3127 tem
161 3057 230 3127 sint
249 3057 457 3131 abAuctore
474 3074 607 3131 naturae
626 3054 806 3143 destinati,
824 3054 990 3127 naturalis

70 3158 157 3231 ordo
169 3187 251 3233 sane
263 3161 437 3259 postulat,
456 3178 496 3233 ut
508 3160 551 3233 de
571 3161 719 3233 eliorum
733 3159 829 3233 bono
845 3157 992 3254 gaudea-

68 3288 175 3349 mus,
203 3264 245 3335 de
266 3263 356 3337 malo
384 3264 589 3351 tristemur,
620 3262 791 3361 simulque
820 3260 909 3334 illud
927 3287 991 3357 pro

69 3366 412 3441 circumstantiarum
439 3367 634 3441 diversitate
652 3366 759 3463 magis
788 3364 844 3438 rel
872 3359 989 3435 minus

69 3469 261 3541 efficaciter
290 3497 518 3570 promovere,
547 3469 641 3542 istud
668 3492 918 3552 veterascere,
949 3492 990 3537 ac

66 3598 247 3645 removere
267 3574 490 3649 studeamus:
514 3602 591 3673 quae
610 3571 754 3672 quidem
772 3569 888 3643 onmia
914 3594 989 3639 non

66 3676 161 3751 aliud
199 3694 307 3766 sunt,
343 3679 410 3750 nisi
439 3678 568 3753 sinceri
602 3702 682 3775 erga
710 3674 793 3750 alios
828 3671 986 3747 homines
