2384 4442
379 581 708 662 C‘APUTX.
747 619 765 626 -·

227 763 518 866 Heraeorum
548 795 867 892 interpretatione,

386 920 431 968 ao
450 894 713 968 Dissolutione,

189 1101 224 1197 ξ.
236 1124 320 1199 297.
340 1099 424 1172 Non
444 1125 521 1172 raro
532 1101 636 1174 verba
655 1102 694 1172 in
712 1101 820 1200 pactis
840 1101 1002 1174 ineundis

80 1203 240 1276 adhibita
258 1203 542 1300 interpretatione
562 1205 735 1300 indigent,
765 1221 805 1276 ut
824 1204 1003 1301 dignosca-

78 1325 143 1379 tur
158 1307 250 1405 >quid
276 1305 490 1404 paciscentes
508 1307 552 1379 ad
572 1308 723 1387 invicem
753 1308 818 1380 sihi
844 1309 1005 1382 debeant.

79 1411 199 1486 Non
189 1437 426 1505 incongruum
450 1437 531 1507 ergo
551 1410 618 1483 erit
636 1411 727 1484 duas
754 1412 931 1508 generales
949 1439 1003 1482 re-

80 1512 212 1610 gulas
202 1541 241 1584 111
264 1527 459 1630 pactorum,
491 1514 663 1631 (itemque
684 1515 801 1611 legum
818 1532 1008 1588 testamen·

80 1636 205 1690 torum
225 1632 291 1688 etc.
303 1617 313 1712 )
341 1617 631 1734 interpretatione
645 1611 828 1693 servandas
847 1619 904 1690 hic
925 1619 1007 1689 sub-

77 1723 256 1836 jungere..
272 1718 316 1792 Ιιι
334 1720 453 1817 primis
483 1720 599 1818 itaque
631 1721 884 1836 paciscentium
902 1721 1005 1792 verba

80 1849 223 1920 semper
246 1822 284 1893 in
311 1822 467 1938 proprio,
494 1823 694 1909 communi,
709 1839 744 1894 et
773 1823 873 1894 obvio
902 1849 1006 1893 sensu

80 1944 171 1999 sunt
184 1925 462 2042 accipientia,
426 1952 493 1996 ursi
484 1924 697 2021 peculiaris
724 1922 888 2024 aliqua'
858 1951 1007 1998 cucum-

80 2030 215 2103 stantia
234 2029 449 2100 contrarium
467 2028 619 2100 suadeat.
645 2027 743 2100 Hinc
756 2027 908 2152 perfidus
928 2055 1011 2125 pro

84 2133 151 2206 cul
171 2131 278 2204 dubio
300 2132 496 2204 censendus
517 2131 777 2220 Tamerlauus,
780 2159 841 2230 qui
860 2131 927 2204 fide
948 2132 1007 2202 ho·

83 2237 201 2310 stibus
220 2235 298 2307 data
317 2235 390 2306 de
380 2261 536 2332 ipsorum
545 2261 715 2330 sanguine
735 2263 808 2307 non
822 2234 1010 2307 effunden

83 2338 202 2426 do,
170 2338 382 2434 vivos›=jussit
402 2365 459 2410 eos
478 2337 632 2436 sepeliri3
651 2367 699 2412 ex.
713 2339 891 2410 communi
916 2338 1010 2409 enim

84 2440 263 2541 loquendi
279 2467 375 2514 more
394 2442 602 2537 sanguinem
620 2468 693 2512 uon
714 2442 897 2512 effundere
917 2440 1011 2520 idem

86 2571 233 2662 prorsus
253 2561 304 2615 est
322 2571 371 2616 ac
374 2563 456 2616 vitae
463 2571 615 2642 parcere.
627 2543 866 2616 Vocesautem
877 2541 1012 2614 techni

88 2677 146 2720 cae
162 2676 197 2719 s1
180 2647 322 2719 ambo
330 2664 550 2748 paciscentes
545 2645 688 2720 fuerint
707 2644 824 2742 periti,
843 2646 920 2741 juxt
923 2673 941 2714 a
960 2672 1014 2715 re-

93 2752 192 2848 gulas
211 2750 291 2821 artis
310 2768 351 2823 ut
374 2751 566 2850 plurimum
592 2747 829 2846 explicandae·;
860 2747 914 2818 siu
932 2773 1014 2818 vero

90 2872 258 2952 uterque,
285 2854 340 2926 vel
369 2853 534 2927 alteruter
560 2851 706 2924 fuerit
697 2851 892 2950 imperitus,
917 2851 1014 2922 etde

91 2985 200 3032 sensu
218 2957 467 3030 techniconon
479 2958 671 3030 instructus
683 2955 820 3052 vulgari
835 2981 939 3028 sensu
958 2981 1014 3027 ae·

98 3061 171 3159 cipi
190 3059 343 3148 debent,
363 3062 445 3161 quia
471 3059 715 3157 unusquisque
740 3059 896 3159 loquitur
919 3061 1020 3157 juxta

96 3165 209 3251 ideas,
229 3190 323 3262 quas
317 3165 453 3236 habet.
478 3161 585 3279 Quod
609 3187 639 3234 2.
632 3219 666 3250 .,
686 3163 711 3234 si
731 3191 833 3236 voces
852 3165 889 3236 in
909 3163 1018 3262 pactis

93 3265 266 3340 adhibite
278 3266 450 3385 ambigue
476 3265 567 3353 sint,
590 3281 625 3335 et
643 3267 767 3362 plures
785 3267 857 3364 pati
884 3266 1018 3363 possint

93 3397 240 3455 sensus,
255 3369 305 3440 ad
317 3371 536 3468 conjecturas
556 3370 828 3455 recurrendum,
852 3395 929 3466 quae
956 3395 1017 3465 po-

92 3474 274 3546 tissimum
287 3471 664 3571 exsuhjectaemateria,
678 3471 875 3558 effectibus,
893 3469 1019 3587 adjun-

95 3577 168 3652 ctis-
183 3591 218 3646 et
237 3574 316 3646 fine·
335 3594 521 3675 pactorum·
535 3591 619 3646 sunt
649 3573 854 3674 repetendae.
879 3572 930 3671 Ειι
949 3577 1017 3672 pri-

95 3707 164 3756 m
177 3677 289 3777 capite
309 3679 432 3777 perfidi
450 3677 574 3779 procul
592 3676 708 3752 dubio
723 3679 829 3751 fuere
851 3675 1026 3754 Plataea--
