2384 4442
199 510 206 547 s
290 460 358 535 162

225 562 326 637 minis
355 562 544 649 miracula,
581 587 645 633 seu
673 556 829 658 prodigia
865 557 972 629 totius
1016 572 1139 629 create

223 681 355 737 naturae
388 664 478 737 vires
520 664 723 736 excedentia
760 677 893 759 patrata
920 660 960 730 in
1002 676 1132 731 asserta
1189 705 1190 708 =

224 766 444 839 revelationis
463 767 783 851 confirmationem,
801 763 874 835 veri
892 762 1050 835 nominis
1069 789 1136 859 pro·
1189 811 1190 816 ι

228 869 377 967 phetiae,
408 896 556 969 quarum
586 869 697 941 exitus
722 820 824 939 nuilo
858 864 1013 939 naturali
1044 864 1145 935 modo
1189 895 1190 904 ι

228 972 400 1071 praenosoi
424 988 577 1071 poterat,
606 970 815 1043 adamussim
841 968 1144 1086 impletae,1nnu-

228 1074 401 1149 morabilis
448 1100 617 1147 numerus
662 1090 856 1190 mappam
888 1072 1145 1188 cujuscumque
1189 1131 1190 1144 ,

232 1206 357 1265 seruo,
389 1178 537 1275 gradus,
568 1194 603 1249 et
637 1176 869 1263 conditionis,
903 1174 967 1272 qui
1007 1173 1148 1271 proprio
1189 1267 1190 1272 γ

183 1340 187 1347 .
230 1281 398 1399 sanguine
427 1297 564 1353 assertae
589 1278 808 1353 revelationis
844 1278 1028 1350 veritatem
1068 1303 1148 1347 eon
1189 1279 1190 1284 ’

230 1385 345 1459 testati
375 1401 476 1471 sunt,
495 1410 535 1456 ae
554 1384 708 1481 denique
734 1380 985 1480 rapidissimam
1012 1396 1149 1451 asserta

233 1487 403 1559 doctrinae
427 1487 583 1560 revelatae
599 1543 610 1574 ,
628 1513 707 1587 quae
725 1485 823 1558 carni
841 1499 876 1557 et
894 1482 1063 1578 sanguini
1080 1481 1149 1553 hel·
1189 1501 1190 1506 ’

231 1589 307 1663 lum
324 1588 464 1677 indicit,
486 1588 679 1688 suadetque
694 1588 913 1687 voluptatum
929 1587 1077 1681 fugam,
1104 1600 1140 1656 et

231 1692 358 1767 mundi
395 1708 660 1791 contemptum,
696 1717 760 1790 per
790 1690 996 1764 univercum
1032 1688 1152 1759 orbem

231 1792 431 1895 propagatio
458 1821 533 1867 non
563 1793 794 1894 eloquentie,
816 1809 877 1866 ant
905 1815 1088 1863 armorum
1102 1788 1152 1875 ιι,

233 1898 294 1969 sed
321 1896 484 1995 simplicis
514 1895 768 1997 predicationis
793 1895 918 1967 habita
937 1893 983 1966 ab
1000 1892 1150 1965 homini·

231 2000 299 2071 bus
325 2000 495 2087 rudibus,
524 2000 755 2117 pauperibus,
784 1996 980 2097 despectis,
1000 2024 1092 2095 quoa
1108 1994 1151 2066 ad
1189 2069 1190 2082 ι

233 2128 360 2175 necem
388 2128 500 2199 usque
529 2104 785 2201 cujuscumque
814 2101 943 2219 grados
965 2116 1002 2171 et
1031 2098 1152 2172 condi-

233 2202 338 2275 tionis
361 2200 502 2287 Judaei,
532 2220 637 2301 atque
677 2204 835 2277 Gentiles
869 2203 998 2301 jugiter
1032 2228 1150 2300 perse·

234 2303 445 2473 quebantur
476 2302 558 2373 Hae
586 2329 690 2401 porro
719 2332 871 2403 propaga
830 2306 923 2400 gatio
940 2303 1026 2375 adeo
1046 2302 1154 2375 admi-

235 2404 334 2477 rabili
336 2432 350 2475 s
377 2403 449 2475 visa
475 2421 527 2477 est
554 2402 778 2501 AugustinO,
803 2424 845 2479 ut
873 2407 936 2491 iis,
959 2405 1023 2504 qui
1052 2403 1153 2479 Chri-

235 2509 383 2583 stianam
421 2506 629 2681 religionem
663 2509 738 2581 veri
775 2508 932 2581 nominis
975 2506 1154 2579 miraculis

236 2610 522 2684 confirmaturus
520 2610 610 2683 uisse
630 2608 871 2707 denegabant,
889 2636 1061 2728 reponere
1080 2638 1154 2681 non

236 2712 468 2787 dubitaverit:
489 2745 506 2781 a
518 2714 586 2785 hoe
606 2740 671 2808 ego
700 2713 820 2787 dixero
843 2714 1038 2786 maximum
1055 2713 1154 2792 mira-

238 2816 383 2903 culum,
402 2815 499 2913 quod
517 2815 673 2888 mundus
692 2816 767 2889 sine
786 2816 868 2889 ullis
885 2816 1065 2889 miraculis
1086 2843 1155 2888 cre·
1189 2885 1190 2888 ,

238 2918 350 2991 didit:
367 2950 382 2985 ιι
416 2918 500 2991 Νοιι
529 2944 611 3013 ergo
630 2919 693 3017 qui
721 2920 875 2992 divinam
910 2920 1157 2991 revelationem
1189 2951 1190 3014 ι

232 3024 274 3093 in
301 3021 406 3091 saeris
432 3021 555 3094 litteris
581 3039 785 3095 contentam
809 3022 1024 3109 admittunt,
1062 3022 1190 3114 testi-i

235 3120 395 3197 monium
410 3124 607 3199 hominum
626 3125 819 3225 accipiunt,
837 3124 997 3224 illudque
1016 3124 1091 3199 Dei
1108 3101 1190 3210 ιιι

235 3224 397 3299 stimonio
423 3229 634 3345 preferunt,
662 3229 723 3301 sed
753 3228 932 3328 accipiunt
958 3227 1069 3327 ipsius
1090 3226 1190 3303 Dei

239 3326 478 3401 testimonium
489 3330 595 3425 signis
608 3330 871 3405 evidentissimis
888 3332 1156 3405 manifestatum.

238 3431 332 3505 Cum
359 3424 476 3501 etitem
503 3432 542 3503 in
569 3434 674 3505 sacris
700 3435 823 3509 litteris
850 3434 967 3506 divina
1004 3433 1150 3509 auctori-

236 3552 305 3611 tate
332 3534 563 3609 coustitutum
587 3535 805 3627 inveniatur,
836 3513 925 3638 (ut
915 3538 1070 3625 invicte,
1102 3537 1153 3608 de-

1189 3739 1190 3784 t

1189 3793 1191 3918 t

1189 3989 1190 4046 t

1189 4113 1190 4144 ι
