2384 4442
942 397 1044 482 11¹

33 524 36 528 ’
124 515 257 589 babent
276 517 372 588 enim
389 512 674 590 emolumentum·
684 517 855 592 societatis
875 543 966 592 suae:
986 514 1048 587 Vae

121 620 207 708 soli,
228 621 311 720 quia
330 647 413 694 cum
436 619 624 709 ceciderit,
644 623 841 698 nonhabet
869 620 1063 696 sublevans

109 741 198 794 tem
216 753 308 797 se».

229 831 263 925 §-
278 829 363 901 231.
383 827 446 902 His
464 829 614 917 aceedit,
633 829 820 902 hominem¹
830 831 877 900 ab
892 827 1047 901 Auctore

123 950 259 1008 naturae
278 932 437 1030 pluribus
457 933 628 1006 donatum
652 961 723 1004 esse
750 933 970 1004 facultatibus
992 958 1048 1000 co-

123 1036 287 1134 pulandae
306 1036 463 1109 societati
490 1035 695 1134 aptissime,
726 1065 803 1135 quae
829 1037 888 1106 itta
915 1035 1049 1105 sublata

124 1142 242 1212 forent
271 1167 412 1235 prorsus
437 1140 600 1212 inutiles.
621 1139 715 1214 Talis
742 1139 908 1225 facultas,
938 1138 1049 1209 varios

125 1242 235 1316 animi
254 1269 395 1330 sensus,
414 1271 499 1316 voce
519 1243 721 1331 articulata,
741 1243 841 1316 vultu
857 1299 865 1330 ‚
879 1241 1049 1338 gestibus,

124 1346 443 1445 aliisque-externis
455 1348 561 1444 signis
578 1348 617 1418 in
635 1347 838 1446 particulari
854 1343 1047 1443 exprimen-

126 1451 163 1522 di
186 1507 195 1540 ,
216 1450 301 1522 dum
329 1467 459 1521 caetera
477 1449 638 1522 animalia
665 1449 777 1522 solum
804 1451 842 1522 in
868 1445 1049 1521 communi

94 1609 100 1619 .
127 1581 205 1626 suas
223 1554 398 1651 passiones
417 1554 613 1652 exprimere·
628 1571 791 1652 possunt:
809 1553 902 1628 Talis
924 1550 1048 1623 eximia

128 1657 309 1728 dexteritas
328 1656 371 1728 ad
390 1675 500 1732 artes:
530 1657 802 1754 taleingenium
820 1656 1047 1728 scientiarum

129 1759 232 1854 longe
253 1787 377 1857 capax:
406 1761 498 1832 tales.
518 1778 570 1833 tot
597 1760 670 1832 aliae
697 1760 840 1856 egregiae
860 1759 968 1830 animi
987 1757 1049 1828 do·

131 1880 283 1960 tes,quae
301 1865 454 1960 profecto
472 1865 606 1936 sublata
623 1863 785 1939 societate
806 1862 945 1960 penitus
964 1860 1050 1932 otio-

128 1993 175 2036 sae
193 1982 296 2063 atque
314 1966 454 2040 incultae
473 1969 690 2040 mansissent.
720 1966 762 2040 Id
789 1967 904 2064 ipsum
930 1964 1050 2041 dicens

129 2069 215 2140 dum
233 2070 276 2140 de
297 2072 541 2145 communibus
561 2071 754 2144 hominum
767 2067 959 2142 affectibus.
980 2067 1049 2140 Ne·
1141 2127 1142 2132 1

127 2199 186 2245 mo
205 2173 243 2244 in
261 2173 380 2270 primis
409 2193 460 2247 est
487 2177 549 2275 qui
576 2175 794 2272 eringenita
817 2171 1049 2273 properatione

128 2305 202 2349 non
221 2295 313 2348 amet
331 2307 411 2350 suos
431 2279 567 2352 dolores
592 2280 639 2350 in»
657 2279 847 2350 amicorum
868 2279 1048 2349 sinuerio·

125 2409 275 2473 nerare3
307 2409 411 2454 nemo
439 2385 501 2481 qui
528 2383 703 2482 propriam
728 2380 882 2453 laetitiam
911 2381 949 2452 in
969 2379 1051 2452 alio-

125 2510 208 2556 rum
224 2484 332 2556 veluti
352 2487 524 2580 gremium
541 2485 725 2558 effundere
742 2513 816 2557 non
837 2485 957 2581 gestiat
970 2513 979 2576 3
992 2511 1054 2553 ne-

125 2614 187 2658 mo
207 2589 280 2658 sere
300 2588 362 2684 qui
380 2588 492 2657 vitam·
506 2589 649 2659 omnino
677 2615 859 2682 segregem
879 2588 916 2658 in
937 2586 1053 2658 solitu-

129 2691 215 2762 dine
235 2689 365 2760 ducere
385 2688 490 2776 velit,
510 2717 556 2760 ne
576 2715 658 2760 curn
676 2691 815 2760 infinita
833 2687 976 2787 quidem
991 2691 1000 2786 (
1014 2707 1054 2761 ut

126 2792 244 2867 verbis
264 2807 342 2862 utar
364 2790 476 2862 Tullii
493 2792 571 2864 tib.
587 2794 618 2864 3.
639 2792 682 2864 de
703 2791 863 2864 Finibus
879 2793 969 2885 Cap.
982 2797 1050 2892 ao.)

126 2897 349 2994 voluptatum
366 2895 603 2988 abundantia3
633 2897 820 2995 nemoqui
845 2924 918 2969 non
939 2899 1056 2998 cupiat

127 3005 259 3074 bonam
277 2998 344 3070 sibi
363 3000 489 3072 famam
508 3001 601 3100 apud
621 3001 914 3100 aliosoomparare
926 3033 935 3098 3
948 3030 1053 3075 nemo

130 3103 276 3176 tandem
302 3103 363 3202 qui
391 3105 722 3194 commiserationis,
752 3124 785 3178 et
815 3107 1055 3180 beneficentiae

134 3208 291 3279 sensibus
311 3207 497 3306 aliquando
517 3210 638 3281 saltem
654 3237 727 3282 non
745 3230 922 3307 urgeatur.
945 3209 1055 3305 Atqui

132 3310 232 3384 Deus
249 3328 288 3400 et
301 3328 490 3401 natura,ut
500 3313 775 3410 vulgatissimum
795 3317 861 3388 sert
878 3312 1053 3405 adagimm

135 3414 188 3486 nit
205 3416 332 3486 frustra
352 3424 523 3512 operatur.
542 3417 634 3512 Ergo
655 3435 720 3490 etc

239 3521 272 3613 §.
285 3519 367 3590 232.
388 3519 552 3618 Denique
569 3522 714 3617 ipsemet
724 3519 903 3592 Rousseau
917 3513 1068 3590 Tomnc

132 3623 228 3718 Pag
249 3624 283 3712 4.
303 3620 381 3695 aits
394 3656 411 3695 u
432 3623 512 3697 Nos
525 3624 702 3695 nascimur
722 3622 866 3708 debiles,
880 3648 987 3720 (putare
1005 3621 1070 3691 ine—
