2384 4442
292 526 386 579 x102

254 608 328 679 haec
347 604 461 677 habet.
484 634 500 671 o
523 600 638 678 Uxori
654 600 707 672 vir
724 599 883 674 debitum
905 601 1055 691 reddat,
1080 605 1157 676 simi·

229 710 332 794 (liter
352 725 386 779 et
404 733 493 778 uxor
511 706 594 778 viru.
624 705 760 779 Mulier
777 704 834 777 sui
855 707 1010 804 corporis
1027 724 1159 804 potesta-

254 817 431 884 tem‘non
460 808 587 896 habet,
617 806 679 878 sed
707 809 771 880 vir.
803 808 971 881 Similiter
998 826 1162 883 autemst

254 915 306 987 vir
336 914 391 985 sui
421 910 574 1009 corporis
603 926 808 1007 potestatem
836 939 911 983 non
946 913 1085 1001 habet,
1112 913 1161 985 sed

255 1017 390 1091 mulier.
417 1014 535 1095 Nolite
562 1013 723 1086 fraudare
759 1012 945 1101 invicem,
979 1014 1051 1086 nisi
1086 1016 1161 1089 forte

256 1148 300 1193 ex
320 1145 492 1192 consensu
512 1118 556 1189 ad
581 1133 720 1214 tempus
741 1134 782 1189 ut
804 1118 931 1189 vacetis
961 1117 1109 1189 orationi
1131 1149 1162 1188 o.

254 1223 382 1297 Petrus
414 1238 533 1293 autem
552 1220 757 1293 mulieribus
787 1220 932 1317 quidem
948 1222 998 1291 ait
1018 1246 1059 1291 :o
1088 1220 1161 1295 Mu·

253 1326 355 1398 lieres
374 1324 520 1399 subditae
539 1322 609 1393 sint
627 1322 707 1393 viris
734 1322 827 1410 suis,
854 1323 946 1395 sicut
980 1322 1068 1395 Sara
1096 1324 1160 1394 ohe-

256 1429 373 1501 diebat
400 1426 548 1501 Abrahae
576 1424 760 1497 dominum
789 1452 872 1497 eum
899 1452 1030 1497 vocans
1055 1457 1092 1499 o.
1117 1424 1161 1497 De

254 1533 335 1603 viris
365 1546 483 1602 autern
508 1528 558 1599 sic
577 1527 734 1626 loquitur
755 1554 796 1597 :u
830 1528 907 1600 Viri
935 1528 1093 1600 similiter
1117 1554 1161 1598 co

256 1634 451 1713 habitantes
479 1630 677 1703 secundum
704 1630 919 1718 scientiam,
945 1632 1047 1731 quasi
1082 1630 1161 1702 infir·

255 1736 358 1811 miori
373 1734 513 1808 vasculo
531 1732 695 1806 muliebri
712 1733 949 1832 impertientes
970 1735 1159 1807 honorem».

362 1842 396 1937 §
418 1841 504 1932 342.
526 1836 599 1911 Sed
617 1837 689 1934 jam
706 1853 843 1934 tempus
862 1864 935 1909 esse
954 1837 1114 1923 videtur,
1129 1851 1159 1907 ut

255 1942 508 2042 inquiramus,
537 1966 626 2012 num
662 1939 832 2011 naturalia
862 1940 979 2012 officia
1010 1941 1157 2035 exigant,

261 2045 358 2143 quod
384 2043 527 2117 nonnisi
546 2044 639 2115 inter
656 2069 771 2137 unum
787 2070 920 2116 marem
937 2060 974 2116 et
993 2043 1127 2117 unaml
1148 2082 1159 2095 ·

255 2146 387 2218 minam
415 2147 553 2216 ineatur
582 2146 726 2217 societas
753 2145 971 2242 conjugalis,
999 2173 1063 2218 seu
1080 2141 1157 2243 quod

256 2248 350 2321 idem
369 2264 444 2334 est,
475 2273 562 2317 num
581 2247 625 2318 sit
644 2248 766 2319 officiis
793 2248 1013 2329 naturalibus
1041 2248 1158 2321 consor-

257 2350 345 2437 mis,
364 2376 432 2422 nec
451 2376 496 2421 ne
518 2348 718 2447 Polygamia
735 2350 941 2426 simultanca
956 2354 969 2451 l
977 2354 1026 2451 ι).

338 2537 375 2604 (1)
395 2530 590 2608 Polygamiom
610 2532 795 2591 successivam
806 2533 913 2590 licitam
929 2533 1051 2590 omnino
1064 2551 1117 2590 esso
1127 2528 1158 2582 1⁸¹¹·

260 2606 326 2667 nu'n
332 2606 487 2687 Apostolus
497 2628 521 2663 a.
534 2610 575 2665 ael
582 2611 760 2665 Timotheum
775 2609 800 2665 5.
814 2613 883 2668 Ver.
898 2608 938 2679 14„
956 2610 1068 2667 dicens:
1083 2601 1157 2663 avolo

259 2683 387 2765 juniores
407 2681 557 2759 (viduas)
577 2682 707 2757 nubere,
726 2683 801 2741 filios
819 2703 1014 2763 procreare».

364 2866 397 2963 S
420 2864 504 2958 343.
524 2865 576 2941 Ut
593 2864 668 2937 haec
684 2865 827 2964 quaestio
846 2866 911 2938 rite
930 2860 1166 2969 solvatur,du·5

256 2968 337 3068 pler
349 2968 516 3065 inprimis
535 2966 781 3064 distinguenda
797 2985 852 3040 est
860 2967 1153 3066 Polygamiazuna,

258 3092 336 3173 quae
356 3070 566 3167 Polyandria
585 3071 712 3159 etiarn,
739 3098 802 3143 seu
832 3071 1007 3169 Polyviria
1025 3070 1163 3158 dicitiu‚t

257 3199 328 3271 qua
345 3170 462 3267 plures
480 3172 545 3245 vin·
564 3173 629 3245 uni
646 3175 797 3245 soeminae
815 3174 1012 3272 promiscue
1024 3176 1151 3272 jungun-

257 3292 343 3361 tur,
366 3272 422 3344 vel
440 3302 512 3347 nna
531 3276 673 3347 loernina
690 3276 849 3375 pluribus
872 3276 954 3347 viris
980 3276 1083 3349 simul
1105 3297 1162 3344 nuo

257 3378 334 3453 bit:
363 3374 494 3465 altera,
525 3404 595 3475 qua
624 3406 718 3454 unus
736 3379 788 3452 vir
805 3378 923 3476 plures
952 3379 1057 3452 simul
1073 3375 1160 3468 habetl

259 3506 411 3565 uxores,
439 3496 474 3551 et
502 3479 672 3578 peculiari
690 3481 859 3554 vocabulo
879 3481 1063 3580 Polyginia
1082 3477 1159 3552 nun-l

261 3601 427 3682 cupatur.
455 3582 513 3658 Ad
546 3583 699 3684 priorem
726 3586 857 3659 referre
886 3586 993 3686 possis
1027 3600 1149 3661 uxorum
