2384 4442
272 466 352 667 m}
375 566 460 663 348.
491 566 613 642 Multo
629 565 748 639 minus
773 582 892 639 autem
916 564 1072 639 solubile
1088 562 1144 640 di..

215 674 248 751 ci
265 687 378 773 potest
395 671 657 745 matrimonium
682 672 727 745 ob
744 669 870 743 violata
898 669 942 742 ab
966 670 1143 743 alterutro

215 775 408 851 essentialia
427 775 621 873 conjugalis
638 775 732 874 pacti
750 775 888 873 capita,
907 801 970 845 seu
991 791 1035 846 ιιι
1055 773 1144 847 Pul·

213 880 406 963 fendorfius
434 878 590 979 loquitur
607 880 692 953 Jur.
710 878 808 953 Ναὶ
819 892 855 950 et
878 876 987 950 Gens.
999 875 1087 950 Lib.
1108 876 1142 951 6.

217 984 310 1085 Cap.
335 1009 366 1057 r.
385 984 421 1081 §.
443 1008 503 1059 ar.
525 1015 541 1053 o
560 982 619 1057 Ob
636 981 842 1055 malitiosam
859 980 1003 1053 alterius
1021 980 1144 1053 deser·

215 1086 377 1175 tionem,
407 1085 462 1159 vel
488 1086 706 1185 pertinacem
732 1102 769 1159 et
799 1085 998 1159 ultroneam
1028 1083 1143 1156 debiti

215 1142 407 1289 conjugalis
426 1189 746 1309 denegationem..
765 1188 890 1262 .'Et
864 1216 894 1259 ει
921 1215 1013 1261 uxor
1045 1188 1142 1261 ultro

215 1294 351 1393 copiam
376 1294 529 1393 corporis
548 1322 604 1366 sur
592 1292 721 1366 alteri
746 1292 851 1366 faciat
871 1322 908 1364 ιι.
928 1290 1021 1385 Quis
1043 1292 1143 1364 enim

214 1424 289 1471 non
307 1397 423 1486 videt,
427 1398 508 1475 hac
527 1396 674 1469 admissa
690 1396 864 1469 sententia
868 1395 1060 1492 ,eonjugi‚
1071 1394 1143 1513 qui

215 1500 398 1575 actualis
388 1501 463 1597 pugi
492 1500 630 1573 serendi
660 1516 712 1571 est
739 1499 950 1598 impatiens,
982 1499 1142 1594 gravissi·

214 1630 308 1677 mam
335 1603 481 1703 praeheri
504 1604 724 1679 occasionem
749 1602 944 1678 essentialia
968 1602 1141 1700 conjuga·

215 1706 257 1778 lis
286 1707 379 1805 pacti
408 1706 520 1806 capita
550 1705 729 1793 violandi,
747 1724 789 1778 ut
817 1707 868 1777 ab.
884 1705 952 1777 alio
983 1706 1138 1802 conjuge

215 1808 430 1909 repudietur.
452 1810 529 1893 Hoc
549 1827 680 1897 autem,
693 1826 735 1882 ut
752 1809 878 1908 liquet,
897 1808 1141 1881 inmaximum

215 1913 378 1987 hmnanae
397 1914 568 1989 societatis
588 1912 844 1985 detrimentum·
856 1911 1085 1984 redundaret.

322 2018 358 2115 §.
380 2019 471 2116 349..
492 2017 626 2112 Quoris
644 2042 726 2111 ergo
743 2016 782 2087 in
802 2042 884 2087 casu
902 2015 1140 2087 matrimonia·

216 2118 258 2193 lis
284 2118 418 2191 vinculi
441 2118 631 2191 solubilitas
657 2146 732 2190 non
749 2117 868 2190 minus
886 2145 994 2217 quam
1020 2118 1143 2192 simul-

215 2237 317 2293 tanea
355 2219 537 2319 Polyginia
570 2222 787 2295 naturalibus
821 2223 945 2293 officiis
967 2222 1149 2294 conditio·-

217 2322 308 2397 natis
331 2323 530 2401 adversatur
553 2326 630 2424 (ι).
655 2323 937 2413 Conditionatis‚
967 2326 1141 2424 inquam,

217 2424 406 2505 nonenim
424 2427 644 2517 inficiamur,
662 2427 780 2501 divina
797 2428 1000 2526 interposita
1018 2445 1142 2501 aueto-

216 2529 317 2603 ritate
336 2558 434 2630 posse
455 2531 619 2620 dissolvi,
649 2548 753 2629 prout
778 2531 822 2603 de
850 2532 942 2603 facto
972 2530 1140 2619 dissolvi,

219 2635 248 2707 si
261 2635 397 2735 conjux,
410 2634 559 2707 infidelis
578 2635 697 2708 renuit
716 2660 799 2710 cum
815 2635 964 2732 conjuge
977 2633 1022 2706 ad
1036 2635 1140 2707 fidem

220 2766 387 2811 converso
417 2738 559 2837 pacifice
590 2738 771 2826 habitare,
797 2738 874 2810 hoc·
893 2755 965 2825 est,
994 2754 1036 2811 ut
1066 2755 1141 2837 post

218 2840 350 2915 Divum
371 2842 547 2917 Thomam¹
564 2840 734 2937 Theologi
756 2840 1030 2938 explicant,sine
1061 2869 1141 2913 con·
1179 2931 1180 2934 Ἴ

219 2944 367 3021 turnella.
382 2942 580 3032 Creatoris,
600 2960 635 3015 et
653 2940 884 3016 subversionis
902 2942 1091 3041 periculo,
1110 2961 1141 3016 et

221 3072 416 3119 conversus
433 3048 515 3121 alias
534 3046 673 3145 nuptias
692 3046 808 3134 ineat,
829 3047 1020 3165 Apostolus
1041 3064 1140 3119 testa·

219 3148 331 3219 turI
337 3147 466 3225 Chor.
473 3178 525 3250 7.
539 3151 589 3226 V.
602 3148 659 3225 15.
663 3149 814 3228 dicens:
805 3178 845 3218 ·«
867 3179 902 3225 sr
886 3150 1070 3223 infidelis
1094 3151 1139 3221 di
1178 3173 1179 3176 ’

219 3249 355 3336 scedit,
360 3250 559 3331 discedatr·
556 3281 650 3326 non
670 3255 764 3326 enim
783 3254 941 3326 servituti
959 3254 1138 3352 subjectus

148 3370 151 3379 ’
222 3372 272 3427 est
290 3306 396 3432 fraler
414 3372 474 3427 aut
493 3382 590 3427 soror
608 3355 898 3457 hujusmodi31n
915 3384 1003 3457 pace
1023 3375 1145 3431 autem

221 3458 354 3535 vocavit
376 3484 441 3531 nos
459 3457 559 3531 Deus
571 3489 615 3539 o.
