2384 4442
825 413 876 507 49

38 538 100 612 quae
117 525 225 581 tanen
255 508 474 609 exceptiones
493 509 612 584 locum
638 538 712 585 non
730 512 861 585 habent
890 514 929 587 in

37 643 104 687 casu
123 629 276 685 extremae
296 630 519 687 necessitatrs.

122 718 154 813 §.
169 718 251 793 285.
273 716 322 791 At
341 716 516 818 quomodo
533 718 584 789 rei
604 718 796 791 communis
808 719 929 798 divisio

35 820 201 893 sarienda?
231 820 270 893 Si
289 848 343 893 res
367 820 406 893 in
427 821 673 893 communione
692 822 835 918 positiva
859 826 931 899 exi·

36 942 111 995 stans
129 923 263 997 dividua
283 923 348 1012 sit,
366 924 560 1023 unicnique
588 952 666 1023 pars
686 924 761 1020 ejus
788 927 858 1022 juri
875 956 931 1001 rc·

34 1027 186 1125 spondens
205 1028 422 1124 assignetur3
443 1028 570 1101 sivero
589 1027 792 1116 individua,
811 1031 929 1105 valde

34 1132 170 1203 omnium
195 1132 369 1204 sociorum
388 1157 561 1203 consensu
592 1158 686 1205 unns
704 1157 780 1203 rem
806 1133 931 1209 habeat

34 1234 143 1306 caeteris
162 1260 318 1331 congruo
347 1234 459 1335 pretio
479 1234 591 1307 soluto
608 1292 618 1325 ‚
647 1233 703 1307 vel
717 1234 838 1309 ,elicui
856 1264 931 1312 non

33 1337 110 1409 socio
127 1336 294 1409 vendatur
312 1337 423 1436 pretio
454 1338 492 1409 in
510 1339 664 1434 singulos
691 1340 936 1437 proportiona-

32 1438 96 1512 liter
112 1440 318 1527 distributo,
346 1440 440 1540 quod
459 1441 676 1539 potissimum
694 1441 732 1511 in
764 1468 845 1514 casu
866 1444 934 1516 dis·

35 1544 138 1617 cordia
156 1545 233 1617 fieri
262 1542 389 1633 debet,
408 1545 476 1617 nisi
505 1572 580 1617 rem
599 1546 682 1618 sorti
713 1546 930 1621 committere

32 1646 120 1721 velint
138 1674 258 1721 omnes
278 1648 442 1721 consocii.

118 1754 148 1849 §.
170 1751 256 1825 286.
277 1750 334 1825 Ad
358 1750 554 1824 secundum
571 1776 653 1823 vcro
671 1750 766 1849 quod
785 1769 933 1849 spectat,

31 1851 160 1927 dubitari
177 1854 382 1929 nullatenus
401 1870 538 1952 potest,
566 1853 654 1953 quin
676 1854 933 1952 (praescinden-

30 1953 100 2029 doa
124 1960 243 2058 quavis
270 1959 345 2055 lege
377 1958 492 2052 civili)
525 1957 577 2029 rei
609 1956 795 2054 cujuslibet
824 1958 933 2031 domi·

30 2059 113 2131 nium
130 2064 170 2135 ab
188 2090 266 2135 uno
285 2062 324 2133 in
343 2058 450 2134 alium
468 2062 719 2149 transferatur,
740 2059 929 2135 dummodo

29 2188 112 2236 verus
137 2165 234 2237 illius
270 2165 432 2238 dominus
461 2164 606 2237 liberam
635 2163 759 2238 habeat
787 2168 932 2239 transfe-

30 2268 114 2338 rendi
137 2270 377 2357 voluntatem,
407 2268 570 2369 illamque
590 2268 706 2367 aliquo
727 2286 870 2341 externo
889 2271 934 2342 si·

30 2395 86 2463 gno
103 2372 198 2445 alteri
217 2372 393 2461 declaret,
412 2372 474 2471 qui
494 2374 596 2445 etiam
612 2372 828 2444 translationi
846 2372 932 2447 libe·

29 2497 59 2543 re
76 2478 288 2565 consentiat,
309 2494 343 2549 et
362 2492 545 2549 externum
564 2476 705 2574 aliquod
723 2475 829 2571 hujus
850 2503 933 2548 con·

29 2602 133 2650 sensus
151 2580 325 2653 indicium
344 2579 513 2653 exhibeat.
532 2578 607 2651 Cur
626 2578 803 2650 enimveri
822 2577 932 2648 domi·

27 2679 59 2749 ni
81 2682 165 2755 circa
182 2710 261 2759 rem
286 2684 437 2783 aliquam
454 2680 614 2754 voluntas
640 2678 854 2751 sufficienter
873 2679 932 2751 ‹le-

27 2783 159 2875 clarata',
179 2805 215 2860 et
237 2789 279 2860 ab
298 2788 364 2860 alio
384 2786 487 2883 cujus
505 2784 649 2856 interest
668 2781 749 2853 satis
767 2781 858 2855 clarc
877 2810 934 2856 ac·-

26 2904 145 2985 ceplata
165 2893 335 2965 esseorum
353 2916 457 2964 suum
469 2915 548 2963 non
569 2884 773 2961 obtineret?
797 2886 848 2985 (ι)

91 3106 127 3174 (1)
147 3104 196 3163 Gli
218 3107 326 3165 antichi
342 3104 558 3165 Giureconsulti
578 3103 702 3162 Romani
726 3100 845 3178 (lnquit
865 3103 934 3162 Dn-

26 3174 374 3259 1'01i0]‚distingueva110
390 3184 416 3239 le
432 3202 494 3239 cose
513 3180 544 3236 in
554 3184 697 3255 mancipi,
712 3178 764 3236 che
777 3200 934 3255 patescere

27 3254 106 3308 acenti
120 3255 156 3310 da
172 3258 292 3329 tributi,
308 3281 323 3317 e
344 3260 380 3315 da
397 3258 459 3315 altri
472 3256 534 3343 pesi
549 3256 700 3315 doverano
715 3276 732 3311 ο
749 3255 902 3313 realmcnte
915 3276 934 3312 o

25 3346 71 3403 par
86 3330 205 3390 simbolo
226 3336 375 3410 prendersi
395 3334 441 3390 dal
457 3332 594 3391 crttadino
615 3332 747 3389 Romano
767 3352 822 3389 con
844 3331 937 3386 deter-

25 3403 122 3485 rninata
141 3409 262 3467 solenne
280 3411 418 3468 formalit'a
438 3428 493 3467 con
513 3408 655 3477 larnano,
669 3406 855 3483 acquisundo
875 3408 936 3462 cosl

24 3476 41 3532 rl
56 3478 179 3541 dominio
200 3489 362 3559 Quiritario
391 3494 490 3558 (come
506 3484 515 3537 i
530 3484 612 3559 predi
629 3483 762 3551 Italiani,
783 3482 844 3538 cioe
868 3482 936 3555 que’

24 3552 118 3625 fandi,
143 3580 159 3614 a
179 3560 229 3619 cui
255 3582 341 3619 erano
363 3559 487 3619 concessi
502 3560 511 3613 i
526 3559 656 3635 privilegi
681 3556 818 3627 d'ltalia,
838 3555 865 3611 le
881 3566 937 3611 sar

26 3628 80 3687 vira
100 3634 250 3705 rustichc‚
278 3637 287 3691 i
313 3635 496 3716 quadrupedi
516 3634 613 3713 capaci
636 3634 666 3690 di
685 3637 787 3702 freno,
806 3631 815 3687 i
831 3630 891 3709 figli
906 3632 936 3691 di
1007 3710 1012 3726 ‚

125 3713 207 3769 Pice.
216 3713 282 3771 Ero.
290 3716 353 3776 Vol.
362 3718 405 3771 ΙΙ.
707 3714 728 3783 3
