2384 4442
815 480 821 491 .
906 450 919 493 ι

85 524 251 597 fruitione
273 524 506 613 excludendi,
526 526 608 626 quia
627 526 675 598 sic
694 526 749 622 jus
762 526 869 599 unius
887 449 1003 601 obdor-

83 630 181 701 beret
200 629 279 726 jura
299 646 528 716 caeterorum‚
548 630 608 701 sed
628 631 872 703 communione
897 656 1003 726 nega-

83 732 177 819 tiva,
196 760 267 829 qua
285 732 419 803 nemini
436 732 493 830 jus
514 749 587 803 erat
616 748 755 804 caeteros
773 760 793 805 a
816 758 935 805 rerum
952 735 1002 805 sa-

84 852 140 908 cto
160 834 315 929 legitimo
335 862 408 907 non
429 850 678 933 occupatarum
692 861 759 907 usu
780 836 1001 911 excludendi.

189 940 224 1033 §.
247 942 332 1031 241.
366 938 533 1009 Similiter
562 936 651 1009 illud
680 935 845 1010 Hobbesii
873 937 1004 1039 princi·

7 1042 9 1051 ’
82 1040 206 1139 pium,
226 1040 321 1139 quod
348 1057 472 1113 natura
502 1040 695 1138 unicuique
721 1040 855 1113 dederit
878 1044 934 1139 jus
963 1044 1003 1115 in

84 1144 202 1215 omnia
227 1144 256 1214 si
284 1144 327 1215 de
357 1145 436 1240 jure
454 1143 669 1239 intelligatur
699 1146 935 1217 concurrendi
958 1147 1003 1217 ad

84 1247 201 1318 omnia
227 1248 318 1318 facto
348 1246 501 1343 legitimo
526 1247 570 1318 ah
599 1246 673 1317 aliis
702 1274 777 1319 non
808 1264 1002 1345 occupata,

82 1375 208 1421 verum
226 1366 296 1423 est:
320 1349 445 1421 falsum
472 1366 591 1422 autem
615 1349 644 1420 si
663 1349 707 1420 de
737 1350 816 1466 jure
834 1350 1004 1447 intelliga-

83 1468 142 1523 tur
161 1468 237 1523 acta
255 1451 370 1527 omnia
388 1452 612 1550 possidendi:
641 1451 698 1548 jus
717 1452 812 1523 enim
837 1453 943 1525 unius
963 1454 1002 1525 in

83 1582 121 1627 re
140 1554 293 1650 legitime
337 1584 464 1628 essessa
491 1582 573 1627 eum
595 1553 635 1626 in
653 1554 728 1626 aliis
755 1554 1002 1672 obligationem

83 1657 194 1756 pariat
217 1658 275 1755 (§
297 1584 354 1731 39.
322 1661 379 1758 9)
400 1660 500 1731 illum
517 1686 538 1730 a
555 1656 607 1729 rei
624 1659 837 1755 possessione
857 1686 931 1731 non
943 1659 1004 1731 de·

82 1760 274 1847 turbandi,
305 1779 509 1833 ceterorum
538 1762 617 1857 jura
645 1761 824 1831 absorbeat
857 1788 1002 1833 necesse

81 1880 141 1936 est.
161 1864 241 1937 Jam
258 1890 340 1935 vero
360 1892 402 1935 ex
420 1864 498 1959 jure
519 1862 646 1962 quoin
666 1878 756 1935 statu
783 1888 880 1933 mere
897 1880 1001 1935 natu-

80 1966 144 2038 rali
164 1992 285 2037 omnes
300 1967 545 2063 potiebantur,
566 1964 801 2036 concurrendi
819 1963 863 2036 ad
882 1966 1000 2037 omnia

80 2071 171 2141 facto
201 2068 356 2163 legitimo
385 2070 428 2140 ab
458 2068 531 2139 aliis
561 2094 635 2137 non
666 2083 834 2164 occupata
860 2123 870 2155 ‚
897 2067 997 2139 nulla

84 2188 176 2246 certe
196 2170 371 2243 oriebatur
400 2170 585 2243 necessitas
611 2169 695 2239 belli
718 2169 876 2242 omnium
897 2170 935 2241 in
964 2197 1001 2241 o-

85 2300 189 2347 mnes.
222 2270 317 2348 Cum
335 2272 430 2347 enim
451 2298 585 2373 semper
614 2272 686 2369 juri
703 2273 809 2343 unius
837 2273 1003 2369 obligatio

83 2376 120 2448 in
141 2376 213 2447 aliis
233 2376 441 2474 respondeat
466 2375 558 2449 illius
579 2374 783 2446 exercitium
801 2402 874 2447 non
894 2376 1003 2473 impe·

84 2479 230 2567 diendi,
260 2506 364 2551 nemo
393 2479 432 2549 in
457 2478 577 2579 primis
607 2476 701 2550 licite
720 2493 854 2577 poterat
881 2477 1004 2549 aliosa

84 2609 261 2655 concursu
289 2581 471 2683 impedire„
500 2582 691 2678 Postquam
712 2608 794 2651 vero
823 2607 918 2650 nnus
946 2580 1005 2651 da·

83 2701 157 2755 tam
175 2710 250 2755 rem
268 2700 495 2788 occupaverat
524 2682 659 2754 nemini
676 2708 795 2751 rursus
820 2681 946 2752 licebat
963 2681 1006 2752 il·

83 2786 161 2859 lum
179 2815 199 2858 a
217 2789 506 2885 possessionet
448 2786 506 2857 det
508 2786 642 2859 urbere.
662 2782 815 2855 Nonnisi
842 2810 923 2877 ergo
941 2810 1005 2881 per

7 2948 9 2953 ,
84 2915 257 2965 summam
283 2889 537 2993 impudentiam
566 2886 748 2959 contendit
782 2885 1003 2974 Hobhesius‚

7 3000 9 3019 l
84 3020 160 3065 rem
171 2992 560 3079 incommunicabrlem
580 3007 615 3063 et
625 2988 1005 3087 indrusrbrlem,quam

84 3096 209 3169 eodem
227 3112 382 3199 tempore
412 3095 515 3168 multi
533 3109 725 3191 appetunt,
756 3093 890 3165 fortiori
920 3093 1005 3163 dan·

86 3200 167 3271 dam
195 3226 293 3288 esse
323 3218 357 3273 et
383 3226 501 3302 pugna
522 3196 755 3297 judicandum
781 3197 860 3297 quis
885 3222 1004 3267 revera

82 3304 126 3375 sit
145 3302 277 3375 fortior.

189 3408 332 3501 3242.
351 3404 471 3479 Multo
490 3402 606 3476 minus
624 3402 758 3473 bellum
784 3390 942 3473 omnium
966 3401 1004 3472 in

83 3536 205 3583 omnes
236 3509 470 3581 necessarium
500 3506 571 3579 dici
602 3522 714 3605 potest
741 3504 786 3575 ob
815 3502 1003 3575 discordias

7 3690 8 3699 2
82 3631 181 3691 natas
203 3636 249 3685 ex
267 3613 453 3685 certamine
473 3608 710 3708 ingeniorum3
723 3621 818 3678 recta
837 3604 931 3678 enim
948 3633 1002 3680 ra
