2384 4442
816 439 882 485 121

26 530 193 600 matrem,
214 532 247 585 et
266 514 377 587 filium
397 534 461 587 etc.
486 570 495 602 ‚
522 544 600 613 quae
627 517 763 588 moralis
792 518 947 615 inaequa-

25 618 103 687 litas
133 617 307 715 quoddam
343 619 493 715 postulat
520 619 643 689 arnoris
674 647 807 713 genus,
843 620 940 691 valde

26 720 203 791 diversum
223 722 264 790 ab
285 721 363 809 illo,
383 720 478 820 quod
498 720 588 791 inter
609 723 774 816 conjuges
793 716 864 793 esee
884 723 943 795 de·

24 825 107 895 bet:
135 822 222 893 illud
250 824 343 895 enirn
374 823 621 921 superioritatis
652 852 693 893 cx
722 851 792 894 una
821 842 941 919 parte,

25 944 125 996 etex
153 925 217 995 alia
244 926 511 1024 dependentiae3
539 926 608 997 hoe'
636 953 717 997 vero
746 926 943 1023 aequalitatis

25 1046 87 1099 cst.
108 1028 182 1100 Ubi
207 1055 287 1098 cum
305 1028 395 1101 Divo
417 1030 551 1101 Thema
571 1028 943 1129 Supplem.3.Par·tic

25 1132 160 1228 eroest.
184 1130 367 1223 54:Artic.
381 1132 412 1203 3.
432 1136 469 1202 in
492 1156 648 1231 corpore
679 1130 942 1217 advertendum,

26 1231 123 1329 quod
137 1261 145 1305 ε
158 1265 173 1300 ιι
195 1234 300 1329 magis
319 1236 543 1321 reverentiae,
562 1262 639 1332 quae
657 1233 804 1305 debetur
822 1261 942 1331 paren-

21 1337 143 1421 tibus,
173 1335 381 1431 derogatur,
413 1338 440 1407 si
469 1337 560 1409 filius
587 1356 757 1423 matrem,
787 1337 939 1435 quamsi

21 1454 121 1535 pater
141 1438 245 1511 filiam
266 1440 370 1511 ducat
389 1467 555 1527 uxorem,
584 1466 665 1513 cum
684 1467 771 1513 uxor
789 1440 861 1511 viro
881 1439 940 1509 ali·

21 1541 173 1638 qualiter
192 1541 315 1613 deheat
335 1570 405 1613 esse
425 1542 580 1639 subjecta
595 1574 629 1615 ιι.

130 1646 163 1739 S.
186 1644 269 1747 357.
301 1644 457 1716 Eandem
486 1646 619 1717 diverso
645 1644 941 1718 moderationem

19 1746 188 1817 adhibent
204 1747 301 1845 ‚qui
331 1748 453 1819 talium
478 1749 770 1844 conjunctionum
807 1748 942 1819 foedita-

18 1867 92 1919 tem
111 1849 194 1920 inde
216 1850 407 1946 colligunt,
435 1850 529 1948 quod
557 1880 618 1947 per
646 1879 701 1921 eas
729 1852 860 1921 diversa
877 1880 940 1925 ne·

22 1952 456 2025 cessitudinumvocabula
477 1953 693 2026 confundant
680 1971 746 2027 t.ur
768 1954 826 2025 Sic
846 1955 938 2051 apud

21 2054 192 2127 Ovidium
210 2055 453 2157 Metamorph
465 2057 542 2129 Lib.
568 2081 623 2130 ιο.
643 2084 670 2129 v.
685 2058 768 2155 349.
787 2072 822 2128 et
839 2084 936 2159 seqq

18 2158 65 2229 ait
86 2157 260 2255 Myrrha:

96 2342 156 2402 Nec
177 2344 261 2433 quod.
276 2345 432 2403 confundas
452 2360 480 2402 et
489 2368 579 2490 qum,
599 2358 627 2403 et
646 2347 883 2405 nominetenus?

98 2419 146 2476 Tu
165 2441 201 2475 ne
222 2422 275 2477 eris
295 2434 323 2477 et
337 2420 433 2477 matris
451 2442 487 2507 pe
501 2422 546 2477 lex
583 2433 611 2477 et
630 2420 759 2477 adultera
778 2421 889 2509 patris?

96 2494 145 2551 Tu
165 2516 200 2551 ne
217 2516 298 2555 soror
317 2498 391 2566 nati,
411 2495 591 2571 genitrixque
612 2497 749 2556 vocabere
769 2499 878 2553 fratris?
911 2569 916 2579 ι

16 2676 62 2748 Et
96 2675 189 2773 apud
216 2674 386 2748 Senecam
412 2676 582 2771 tragicum
609 2681 647 2745 in
666 2674 935 2770 Agamemnone

19 2780 114 2853 Ver.
139 2780 196 2871 34.
213 2794 247 2851 et
272 2806 344 2880 seq.
366 2779 531 2875 Thyestes
555 2808 564 2852 τ

193 2964 337 3021 ..Versa
354 2976 454 3019 natura
470 2976 511 3019 est
530 2976 614 3019 retro

94 3040 159 3094 Avo
180 3052 343 3114 parentem,
363 3038 557 3124 (prqhnefasl
570 3037 673 3113 Jpatri
692 3036 785 3094 virum

93 3113 174 3169 Natis
162 3127 311 3189 nepotes
332 3113 455 3170 miscui.

12 3298 178 3393 Itemque
203 3325 217 3361 ιι
239 3322 300 3391 per
320 3294 448 3365 scelera
467 3310 568 3365 natus
586 3319 716 3365 nomen
735 3289 934 3389 autbiguum

11 3399 100 3471 suis
133 3396 233 3469 Idem
260 3398 383 3468 sororis
415 3412 566 3491 gnum,
583 3412 617 3466 et
642 3394 747 3493 patris
770 3423 877 3492 nepos
900 3427 934 3467 ιι

11 3500 58 3575 Et
81 3500 179 3597 apud
201 3498 410 3596 Sophoclem
427 3498 605 3596 Oedipus.
627 3531 642 3567 ιι
662 3498 695 3571 Ο
714 3498 844 3594 nuptiae
869 3524 936 3567 nu-

123 3602 404 3661 mmmm
701 3599 789 3674 5
