2384 4442
273 398 319 467 32

207 508 303 555 tamen
321 504 422 573 postea
439 496 517 553 Deus
536 492 590 572 ipsi
604 490 773 552 concesserit
787 490 857 550 alios
892 488 1037 551 uindeci'm
1057 495 1121 555 vite

209 592 306 629 annor.
320 570 578 646 Impudentissirne,
594 569 734 644 inquam,
749 588 817 623 nam
833 588 883 625 rer
904 588 920 622 a
935 564 1055 629 Genesis
1073 573 1123 633 iro-

209 648 296 713 nice,
315 659 349 703 ut
367 659 447 722 patet
465 668 501 705 ex
520 657 658 704 contextu
678 642 840 701 dictasunt
863 664 881 699 a
902 644 965 699 Deo
988 647 1125 723 proinde-

209 742 267 797 que
287 722 346 778 sine
361 722 527 779 mendacio:
565 716 704 796 rophetite
719 730 816 775 autem
829 718 912 776 Jonae
925 733 954 777 et
968 721 1049 779 Isa'm
1065 745 1126 783 nen
1173 729 1176 830 p

209 794 348 855 absolute
360 796 478 853 fuerunt
489 840 498 867 ,
511 741 563 853 sed
573 794 791 861 conditionatos,
805 792 846 849 ita
860 807 893 851 ut
908 814 1004 854 sensus
1018 800 1125 875 prioris
1174 837 1175 840 =

208 872 308 931 fuerit:
328 898 341 925 «
358 870 412 927 nisi
428 870 630 959 poenitentiam
648 868 759 948 egerint
772 868 906 927 Ninivitae
920 883 987 945 post
1003 875 1127 947 quadra·

210 944 471 1023 gintadiesNimve
487 947 673 1005 subvertetur
682 966 711 1011 »ς
722 943 852 1001 secundm
860 964 942 1002 verce
951 946 1122 1007 «infirmitas

207 1035 259 1079 tua
278 1021 341 1079 talis
358 1034 415 1092 est,
436 1036 468 1080 nt
484 1020 653 1079 naturaliter
671 1040 708 1077 ex
725 1019 776 1077 iila
793 1018 869 1076 mori
883 1018 986 1079 debens
1000 1047 1024 1078 o.
1041 1026 1123 1081 Nini.

210 1116 246 1155 ve
256 1110 353 1154 autem
371 1110 438 1174 post
458 1095 650 1173 quadraginta
667 1095 729 1153 diet
747 1093 883 1153 subversi
901 1116 962 1153 non
977 1112 1041 1168 est,
1053 1101 1124 1176 qnia

211 1171 345 1230 Ninivitae
364 1172 562 1251 poenitentiam
581 1182 713 1248 egerunt,
728 1182 757 1227 et
774 1169 860 1226 Isaiae
878 1189 916 1228 ex
933 1192 985 1229 sua
1004 1173 1126 1232 infirmi-

209 1258 266 1304 tate
284 1248 450 1316 convaluit,
472 1246 541 1327 quie
565 1248 644 1305 Deus
662 1244 832 1303 miraculose
848 1243 925 1304 iilius
944 1246 1032 1307 vitam
1054 1271 1128 1329 pro-

212 1323 306 1381 traxit.

314 1515 351 1610 §.
372 1511 456 1608 264
476 1513 655 1589 Immerito
677 1511 785 1612 igitur
810 1509 951 1588 Grotius
978 1514 1127 1613 dejure

210 1612 294 1687 betlt
312 1630 347 1688 et
360 1622 466 1716 pacis
478 1672 488 1704 ,
499 1616 579 1689 Lib.
594 1618 625 1690 3.
638 1616 765 1717 Capu.
787 1618 821 1713 3
839 1644 894 1690 11.
910 1616 1128 1690 locutionem

212 1718 324 1791 menti
340 1719 547 1793 contrariam
557 1720 664 1792 licere
675 1718 870 1795 contendit:
883 1720 1127 1809 1.siinfantes,
1180 1767 1181 1772 κ

210 1821 264 1893 vel
283 1839 438 1895 amentes
454 1822 670 1923 alloquamur
683 1851 693 1915 3
705 1822 774 1895 asi
785 1822 828 1911 is,
839 1821 884 1894 ad
895 1850 1001 1921 quem
1011 1848 1128 1896 sermo

209 1922 384 2021 dirigitur,
396 1953 469 1997 non
488 1925 695 2023 decipiatur,
707 1924 840 1996 etiamsi
856 1925 1122 2029 tertiusaliquis

135 2060 138 2067 ’
212 2024 332 2098 salsam
349 2026 432 2101 inde
458 2026 595 2100 hauriat
616 2026 896 2125 persuasionem3
918 2028 954 2109 3,
980 2028 1017 2099 si
1033 2028 1062 2099 is
1081 2027 1126 2100 ad

212 2152 319 2225 quem
345 2155 457 2201 sermo
487 2129 674 2226 dirigitur,
701 2156 777 2203 non
801 2130 847 2203 eit
874 2156 964 2226 egre
991 2130 1125 2203 laturus

212 2228 470 2327 deceptionem,
483 2260 525 2305 ex
543 2258 614 2331 qua
632 2231 854 2305 commodum
871 2232 936 2330 ipsi
954 2231 1125 2326 nascitur3
1181 2201 1185 2290 i

214 2336 245 2425 4.
265 2333 293 2403 si
312 2333 390 2433 quis
407 2334 465 2431 jus
485 2334 610 2407 habeat
627 2334 939 2432 supereminensin
952 2334 1032 2432 jura
1042 2334 1126 2408 alio·

208 2461 289 2506 rum
305 2490 315 2523 ,
334 2437 485 2535 citatque
504 2438 712 2525 Platonem,
731 2438 795 2536 qui
813 2436 970 2536 Principi
986 2438 1126 2510 veniam

211 2538 372 2611 concedit
382 2539 599 2633 mentiendi3
621 2540 652 2615 5.
664 2539 825 2639 denique«
835 2540 866 2612 si
874 2540 944 2612 vita
953 2540 1125 2615 innocen·
1183 2615 1184 2620 ,

210 2642 276 2731 tis,
295 2660 354 2715 aut
373 2670 435 2743 par
452 2642 583 2742 aliquid
603 2669 677 2715 non
694 2643 801 2741 possit
812 2643 880 2716 ulio
889 2642 993 2715 modo
1011 2670 1126 2716 serva-

209 2744 249 2817 ri:
264 2746 393 2844 quibus
410 2745 448 2819 in
468 2745 603 2820 casibus
624 2745 841 2819 locutionem
859 2745 970 2818 menti
988 2761 1126 2839 contra·

212 2848 393 2937 riam,non
411 2850 649 2935 mendacium,
659 2848 720 2920 sed
737 2848 867 2921 mitiori
875 2847 1044 2921 vocabulo
1063 2848 1128 2921 fal·

212 2949 566 3051 siloquiumappellat.
588 2950 771 3051 Siquidem
788 2951 883 3024 idem
891 2950 1034 3026 Grotius
1044 2949 1126 3023 loeo

212 3050 315 3122 citato
335 3055 557 3128 mendacium
575 3054 712 3127 definit:
729 3086 745 3124 r
757 3080 953 3127 sermonem
965 3069 1045 3142 ,aut
1061 3080 1127 3127 no-

210 3169 281 3225 tam
298 3174 550 3253 repugnantem
567 3184 650 3230 cum
663 3158 742 3256 jure
756 3157 924 3231 existente
936 3173 971 3229 ct
980 3182 1129 3230 manen-

209 3272 244 3329 te
264 3256 340 3355 ejus
356 3314 365 3347 ,
379 3259 423 3331 ad
442 3288 547 3359 quem
565 3287 676 3333 sermo
700 3260 861 3356 dirigitur
874 3285 1024 3359 mquam
1042 3258 1130 3333 defi·

210 3360 380 3434 nitionem
398 3364 546 3461 probant
565 3362 841 3450 Puffendorfius,
860 3361 1130 3460 Barbeyracius,

212 3462 567 3565 Heineccius,aliique
581 3493 599 3537 e
612 3466 902 3552 Protestantibus,
913 3464 1034 3537 falsam
1044 3492 1132 3539 vero

123 3582 132 3595 ·
211 3567 422 3647 demonstrat
443 3568 593 3645 Sanctus
612 3570 762 3654 Thomas
784 3593 817 3643 2.
838 3594 870 3643 2.
892 3568 1024 3670 Quest.
1043 3594 1133 3643 110.
