2384 4442
288 459 335 554 14'
1187 483 1188 576 t

230 575 290 634 tur
307 563 411 636 homo
424 556 610 662 ‚pluribus
629 557 702 634 aliis
721 573 844 658 praeter
864 559 1074 632 sensationss
1091 559 1188 632 lo
1187 611 1188 632 ;

232 665 426 762 cuplctatus
446 683 496 738 est
507 664 607 738 donis
618 665 832 738 naturalibus
844 663 886 734 ad
898 663 1028 734 lineam
1045 662 1188 736 intel-t

229 769 390 841 lectivam
407 768 674 868 pertinentibus.
1140 807 1146 816 ·

334 875 370 970 §.
403 872 487 947 235.
517 872 601 946 Non
628 871 720 942 dicat
742 869 773 942 3.
786 868 985 944 Rousseau:
1002 901 1017 938 o
1033 871 1141 945 Usum
1187 917 1188 960 3

230 976 397 1048 sermonis
416 1003 490 1047 non
509 1002 582 1048 esse
601 973 739 1047 homini.
754 974 969 1060 naturalem,
997 972 1142 1074 ideoque
1187 977 1188 1008 ³

230 1080 389 1151 homines
407 1080 446 1151 in
464 1096 555 1150 statu
573 1076 723 1149 naturali
742 1076 882 1148 mullum
900 1075 1057 1150 habuisse
1077 1106 1141 1150 ser·
1187 1089 1188 1168 t

229 1183 343 1255 monis
361 1210 493 1255 usum
479 1181 722 1300 ,proindeque
735 1180 855 1251 nullas
867 1180 961 1252 ideas
973 1208 1141 1253 umversa
1187 1183 1188 1218 ³

228 1285 278 1357 les
292 1342 301 1374 ‚
314 1314 391 1385 quae
402 1287 544 1360 nonnisi
534 1286 741 1357 verborum
752 1310 815 1382 ope
825 1284 963 1384 acquiri
980 1301 1142 1381 possunt

228 1416 296 1460 nec
315 1389 414 1459 aliter
432 1389 586 1504 percipi,
607 1414 711 1488 quam
729 1415 792 1485 per
810 1387 1059 1486 propositiones
1087 1415 1141 1460 ro

230 1490 328 1562 cibus
347 1518 387 1562 ac
407 1490 564 1562 terminis
581 1517 806 1588 expressas»
827 1491 918 1563 Nam
936 1517 962 1564 ῐ
974 1492 1145 1588 ,quamvis

229 1594 364 1666 homini
381 1593 539 1666 naturale
558 1621 633 1668 non
652 1593 803 1681 sithoc,
823 1593 878 1666 vel
895 1590 962 1665 illo
982 1594 1143 1666 idiomate

226 1697 303 1785 uti,
321 1697 387 1799 ipsi
404 1695 529 1797 procul
547 1696 655 1769 dubio
666 1695 833 1770 naturalis
854 1714 904 1768 est
916 1723 998 1768 usus
1017 1725 1143 1769 sermo·

226 1800 282 1872 nis
302 1801 493 1898 generatim
510 1801 653 1900 accepti.
681 1800 820 1872 Deinde
841 1800 966 1872 salsum
993 1817 1043 1872 est
1069 1802 1142 1872 sine

226 1931 294 1975 usu
313 1905 481 1978 sermonis
499 1904 613 1978 nullas
633 1904 766 2003 acquiri
777 1931 874 2001 posse
894 1903 988 1976 ideas
1007 1904 1144 1978 univer·
1187 1979 1188 1990 ¹

228 2006 335 2094 sales,
360 2034 443 2080 nam
460 2033 562 2079 voces
581 2025 664 2079 sunt
683 2007 780 2102 signa
798 2007 977 2094 idearum,
997 2007 1142 2106 ideoque
1187 2013 1188 2024 ’

225 2134 327 2197 voces
347 2111 389 2180 ab
408 2110 519 2196 ideis,
540 2138 612 2180 non
633 2109 704 2180 istae
715 2111 758 2182 ab
777 2109 843 2182 illis
862 2110 1032 2208 pendent.
1051 2111 1138 2182 Hinc

227 2211 324 2282 surdi
343 2229 377 2284 et
403 2213 492 2283 muti
518 2240 542 2284 a,
556 2212 743 2300 nativitate·
762 2211 872 2284 multa
903 2231 1140 2309 cognoscunt,
1187 2271 1188 2314 p

226 2331 260 2385 ct
279 2314 486 2403 addiscunt,
505 2343 583 2413 quae
603 2316 676 2388 sine
697 2315 901 2404 ratiociniO,
926 2316 1144 2416 proindeque
1187 2329 1188 2414 ζ

225 2418 299 2488 sine
329 2418 415 2490 ideis
444 2419 695 2491 universalibus
733 2420 918 2516 cognosci,
950 2437 984 2492 et
1011 2420 1145 2492 addisci

225 2548 299 2598 non
318 2539 476 2620 possunt.
495 2520 614 2619 Atque
633 2524 691 2596 hic
718 2524 894 2596 notandus
914 2551 1009 2594 error
1043 2521 1150 2595 Chri·

224 2625 327 2697 stiani
348 2625 523 2700 Thomasii
541 2627 681 2702 Introd
700 2633 737 2700 in
756 2628 842 2724 Leg.
863 2627 953 2725 Cap.
976 2628 1007 2699 3.
1029 2629 1065 2722 §.
1087 2631 1152 2720 24.
1187 2629 1188 2684 ἓ

224 2727 400 2802 docentis:
420 2730 593 2802 «surdum
613 2759 631 2802 a
651 2731 827 2803 nativitate
847 2729 1048 2802 nullatenus
1069 2759 1149 2828 pos-

222 2859 258 2902 se
279 2835 454 2928 cogitare,
474 2835 555 2932 quia
575 2834 724 2928 cogitare
737 2861 811 2906 non
831 2833 925 2905 aliud
945 2850 1015 2919 est,
1036 2831 1188 2932 quam

223 2934 424 3053 sibimetipsi
442 2935 571 3035 loqui»
584 2937 768 3034 Imperitus
787 2937 931 3008 nescivit
951 2936 1155 3034 distingue

221 3063 261 3106 ro
272 3054 364 3107 mter
374 3055 596 3111 mternamet
608 3041 1036 3128 externamlocutronem
1049 3041 1156 3114 inter.

223 3139 368 3223 verbum
387 3141 474 3230 oris,
494 3159 529 3214 et
546 3143 699 3216 verbum
710 3145 848 3218 mentis

280 3276 282 3280 ⁴
326 3244 452 3339 §.236
462 3246 730 3341 Non-dicamus
746 3247 884 3320 Statum
895 3248 995 3319 illum
1006 3247 1159 3320 homini

219 3347 413 3418 naturalem
432 3347 623 3424 dicendum
643 3379 729 3440 esse,
742 3353 868 3450 inquo
889 3351 1077 3424 validiores
1102 3355 1156 3423 foa
1187 3395 1188 3404 κ

219 3467 298 3521 rent
309 3450 617 3538 vires‚functiones
630 3481 724 3526 mere
744 3454 1076 3542 animales‚mi11ima
1092 3457 1163 3526 de«

219 3552 424 3626 sideriorum
443 3557 671 3653 quantitas‚ct
689 3559 833 3630 facilitas
854 3586 892 3630 ea
912 3557 1168 3655 adimplendi?
1187 3549 1188 3600 ¹

217 3683 299 3754 <Luce
314 3659 429 3730 omnia
447 3660 490 3730 de
511 3676 610 3730 statu.
632 3661 776 3734 silvestri
792 3717 809 3750 2
833 3677 868 3731 ct
895 3661 1055 3733 belluino
1092 3691 1166 3733 ve.»
