2384 4442
286 485 363 568 90

233 567 499 646 circumstantiis
512 595 681 668 ,quarum
700 567 900 640 defectus
876 585 968 640 sicut
990 569 1156 644 actualem

229 675 354 748 tollit
345 674 636 772 imputationem,
663 672 711 744 ita
740 671 845 745 etiam
867 671 958 743 tollit
991 699 1148 771 compen·

229 779 329 850 sandi
349 776 604 872 obligationem.

334 883 370 976 §.
392 881 476 952 332.
498 879 664 952 Secundo
685 878 713 950 si
731 878 848 976 plures
871 878 1052 950 moraliter
1083 907 1158 952 con·

230 982 405 1058 currerint
423 983 468 1054 ad
486 999 626 1070 actum,
646 1009 688 1054 ex
709 1009 780 1082 quo
808 982 894 1054 alter
912 981 1088 1054 damnmn
1111 984 1158 1054 in·

231 1089 366 1184 justum
392 1113 509 1182 passus
536 1101 612 1172 est,
644 1083 737 1156 idem
766 1085 805 1156 in
839 1085 1038 1182 praestanda
1072 1113 1159 1158 com-

230 1188 434 1288 pensatione
454 1187 539 1259 ordo
565 1186 790 1275 servabitur,
817 1214 923 1286 quem
949 1189 1160 1262 servandum

231 1321 304 1364 esse
323 1291 473 1363 diximus
491 1291 529 1360 in
548 1289 732 1362 statuenda
755 1289 994 1388 imputationis
1018 1294 1157 1389 quanti·

231 1413 323 1481 tate,
342 1395 389 1466 ita
408 1412 447 1465 ut
465 1393 611 1491 proinde
637 1408 717 1465 ante
745 1419 864 1464 omnes
884 1392 927 1465 ad
954 1419 1158 1491 compensa·

229 1498 363 1572 tionem
382 1513 541 1568 teneatur
560 1521 664 1566 causa
683 1494 906 1593 principalis3
928 1497 1091 1572 secundo
1111 1499 1157 1570 lo·

233 1629 275 1674 co
295 1615 461 1672 executor
479 1597 534 1669 vel
554 1613 779 1685 executores,
806 1598 894 1670 idest
919 1625 1034 1671 causae
1055 1600 1156 1672 colla·

228 1701 378 1795 terales3
409 1702 443 1774 3.
474 1727 585 1773 causa
615 1699 821 1773 subalternae
840 1700 1016 1798 positivae3
1042 1707 1079 1795 4.
1101 1703 1155 1776 de·

227 1831 328 1878 mum
357 1830 467 1876 causae
497 1802 704 1875 subalterna
733 1803 909 1898 negativa.
929 1803 1005 1876 Ubi
1030 1823 1154 1877 notan·

229 1910 340 1996 dum,
366 1906 510 2006 quodsi
531 1922 652 2002 agatur
680 1906 723 1976 de
747 1906 874 1978 damno
893 1905 931 1976 in
950 1906 1056 1979 bouis
1089 1910 1153 1980 for-

229 2030 326 2084 tuna
351 2010 471 2098 illato,
497 2010 566 2082 hoc
584 2035 606 2080 a
625 2035 728 2080 causa
745 2007 930 2107 principali
952 2035 1154 2108 compensa·

229 2132 289 2200 to,
309 2112 353 2185 ad
372 2112 461 2184 nihil
481 2111 571 2184 ultra
589 2127 778 2184 teneantur
801 2129 931 2184 caeterae
951 2138 1068 2184 causae
1087 2142 1156 2186 rno-

229 2216 339 2301 rales‚
367 2214 455 2286 dum
474 2231 595 2286 contra
621 2241 740 2286 omnes
760 2231 796 2287 et
815 2212 959 2310 singula
986 2231 1156 2289 tenentur

228 2319 266 2389 in
293 2315 520 2415 principalis,
548 2315 764 2414 aliarumque
794 2318 946 2416 priorem
961 2318 1156 2416 ,obligatio-

227 2446 311 2492 nem
338 2417 544 2490 habentium
569 2417 774 2513 defectum,
802 2419 892 2494 sicut
912 2418 1015 2490 etiam
1036 2423 1154 2494 adver·

232 2523 400 2606 tendum,
432 2547 512 2591 eum
535 2521 598 2620 qui
625 2550 667 2596 ex
694 2522 826 2620 injusto
856 2522 997 2596 alterius
1025 2523 1154 2598 damno

229 2624 453 2701 commodum
472 2624 541 2706 sive
561 2625 672 2712 hona,
693 2625 761 2720 sive
780 2625 870 2699 mala
888 2625 956 2696 fide
976 2628 1152 2726 percepit,

230 2757 293 2828 pro
311 2728 447 2802 ratione
467 2727 623 2825 percepti
642 2728 815 2800 commodi
842 2745 921 2800 ante
942 2729 1055 2826 ipsam
1076 2759 1153 2802 cau·

231 2860 303 2904 sam
328 2829 560 2930 principalem
587 2831 876 2928 compensationis
904 2832 1003 2904 oneri
1030 2833 1153 2904 obstri-

233 2952 331 3006 ctum
349 2961 435 3006 esse.
454 2932 520 3005 Hic
541 2932 660 3019 enirn,
683 2950 722 3006 ut
750 2933 886 3032 liquet,
910 2961 984 3005 rem
1003 2935 1152 3008 alienam

231 3036 321 3108 vel
311 3063 351 3108 ιιι
380 3063 443 3123 se,
467 3034 551 3107 vel
542 3062 580 3106 m
601 2989 817 3134 aeqirivalenti
843 3036 1017 3134 possidet,
1047 3067 1151 3139 quam

226 3137 418 3236 proinde
393 3166 467 3209 srne
490 3138 622 3234 injuria
641 3139 790 3214 retinere
810 3167 883 3212 non
902 3156 1025 3239 potest.

331 3244 365 3338 §,
396 3241 480 3310 333.
509 3240 672 3334 Quod
646 3271 675 3314 si
702 3243 857 3341 plures
847 3244 979 3340 injusto
1007 3243 1146 3316 alterius

226 3344 353 3416 damno
384 3361 607 3438 cooperantes
644 3346 729 3427 sint
746 3347 783 3417 in
812 3346 933 3418 eadem
963 3373 1144 3419 causarum

227 3447 359 3534 classe,
383 3444 560 3516 tenebitur
578 3475 624 3518 ne
645 3449 791 3547 quisque
821 3449 864 3521 ad
896 3451 1143 3546 compensatio·

225 3577 309 3624 nem
334 3551 373 3623 in
403 3546 585 3637 solidum,
605 3578 653 3622 an
680 3552 857 3626 dumtaxat
876 3579 939 3652 pro
958 3553 1063 3624 rata?
1083 3553 1141 3624 Di·
