2384 4442
316 522 336 568 2

230 523 398 672 (1111111111
416 622 556 693 repara,
574 595 644 668 tuis
663 594 767 665 rebus
787 588 1072 688 compensando,
1083 615 1154 686 qua
1180 591 1181 598 ’

231 701 290 772 ille
311 727 393 772 sana
409 715 526 770 mente
545 698 708 795 praeditus
728 695 947 812 acquirebat,
978 709 1015 762 et
1044 709 1155 786 satage

232 804 302 876 tuis
322 802 507 900 impensis,
526 816 567 872 ut
586 801 615 871 si
642 801 718 870 fieri
746 799 852 896 possit
878 796 1027 866 rationis
1056 821 1156 866 usum

230 907 289 976 ille
310 921 500 1001 recuperet.
520 902 563 974 In
582 902 738 973 secundo
758 929 838 973 vero
858 899 957 970 falsas
976 898 1156 970 doctrinas
1180 913 1181 976 ᾖ

232 1010 275 1080 ah
295 1008 387 1078 illius
405 1023 522 1076 mente
552 1033 615 1102 pro
642 1005 771 1075 viribus
792 1002 950 1101 expelle,
974 1021 1010 1072 et
1032 1003 1160 1072 damna

234 1112 350 1182 omnia
369 1135 575 1205 compensa,
606 1135 683 1205 quae
710 1107 767 1178 ille
793 1107 881 1177 forte
901 1132 1025 1221 passus
1048 1121 1105 1175 est
1124 1131 1160 1172 er

233 1213 326 1284 falsis
345 1211 521 1283 doctrinis
542 1209 741 1283 Mendaciis
768 1207 915 1308 proximi
945 1207 1120 1277 famam'
1111 1233 1160 1274 rn-

232 1313 406 1388 firmasti?
434 1299 612 1384 Relraetes
643 1313 781 1410 publice
810 1328 945 1409 oportet
970 1337 1054 1407 quae
1075 1308 1159 1384 dixi-

233 1419 302 1505 sti,
320 1417 350 1488 si
368 1416 454 1487 scias
472 1415 558 1486 illa
548 1442 587 1486 11
605 1415 729 1510 vulgus
749 1415 882 1500 exisse,
911 1439 1014 1483 secus
1049 1413 1159 1509 priva-

232 1473 321 1605 1111,
351 1534 385 1590 11
403 1518 547 1614 insuper
573 1544 775 1614 compenses
806 1470 953 1603 danina,
986 1543 1071 1612 quae
1096 1515 1160 1611 ipsi

233 1649 276 1694 ex
294 1622 478 1695 imminuta
496 1622 585 1690 sama
606 1621 831 1691 obvenerunt.
855 1617 924 1689 Res
945 1617 1081 1688 alienas
1102 1618 1157 1687 ab·

232 1724 385 1796 stulisti?
405 1722 526 1794 Redde
547 1749 630 1793 curn
648 1723 797 1793 naturali
816 1747 936 1793 earum
954 1721 1157 1794 ineremen-

232 1843 294 1914 to,
322 1843 357 1899 et
382 1825 493 1924 pretio
523 1825 642 1896 darnni
662 1853 703 1898 ex
722 1827 815 1896 furto
845 1824 977 1897 secuti:
1010 1822 1156 1921 quodsi

232 1958 288 2001 res
317 1928 444 2003 furtiva
478 1927 543 1999 tibi
580 1928 746 2025 perierit,
785 1953 960 1999 summum
998 1928 1156 2022 ejusdem

235 2033 386 2127 pretium
405 2031 517 2102 solve:
551 2058 625 2101 non
656 2031 750 2102 enim
778 2030 817 2102 in
847 2029 992 2126 raptoris
1013 2031 1157 2125 gratiam

234 2161 288 2203 res
308 2160 386 2205 suas
405 2133 567 2204 dominus
584 2133 728 2206 minoris
743 2133 893 2205 vendere
913 2148 1070 2205 tenetur.
1085 2133 1158 2205 Vir·

235 2235 351 2329 ginem
379 2252 440 2306 aut
477 2236 659 2314 honestam
687 2237 828 2308 viduam
864 2235 943 2306 dolo
981 2234 1157 2306 violasti?

236 2336 390 2410 Tantum
408 2336 497 2406 dotis
522 2337 702 2434 repende,
732 2354 903 2436 quantum
929 2338 1079 2432 uirginis
1108 2337 1155 2407 vel

233 2440 387 2512 honestae
404 2438 517 2509 viduae
547 2441 701 2512 conditio
728 2440 902 2539 postulat,
933 2457 973 2510 ut
1006 2441 1154 2538 aeqaales

236 2571 275 2615 ac
295 2559 397 2614 antea
415 2542 554 2639 nuptias
581 2544 787 2630 contrahat,
818 2543 872 2617 vel
903 2569 978 2614 eam
1008 2569 1155 2616 uxorem

234 2646 446 2719 ducitoznon
466 2645 560 2716 enirn
588 2645 688 2718 aliter
714 2646 811 2743 juxta
840 2671 1067 2718 communem
1089 2647 1152 2718 exi·
1180 2711 1181 2734 2

235 2749 466 2824 etimationern
484 2763 596 2844 potest
619 2749 747 2819 amissae
765 2749 993 2844 virginitatis,
1025 2767 1090 2820 aut
1110 2750 1153 2819 vi-
1180 2743 1181 2810 l

235 2852 345 2924 dualis
374 2851 536 2923 castitatis
566 2850 734 2923 damnum
767 2852 1002 2949 compensari.
1034 2851 1152 2924 Homi-

234 2980 318 3026 nem
335 2955 464 3050 injuste
484 2952 729 3040 occidisti,aut
747 2955 964 3028 vulnerasti?
984 2954 1054 3026 Vel
1074 2955 1151 3052 ipsi,
1180 2969 1181 2980 ¹

233 3056 288 3128 rel
305 3056 499 3128 haeredibus
528 3056 678 3152 integras
709 3059 883 3154 praestabis
902 3085 1071 3154 expensas
1090 3085 1150 3155 pro

235 3157 393 3254 ejusdem
430 3159 632 3247 curatione,
667 3176 769 3258 atque
807 3161 949 3258 insuper
986 3177 1149 3244 tanturn,

235 3276 406 3360 quantum
433 3260 564 3354 judicio
594 3262 808 3361 prudentum
837 3264 926 3335 valet
955 3291 1032 3360 spes
1060 3264 1148 3335 lucri

236 3365 277 3440 ab
295 3362 369 3462 ipso
387 3361 480 3433 licite
499 3364 715 3462 percipiendi
734 3367 762 3436 si
781 3367 914 3438 oooisus
928 3423 936 3453 ,
949 3382 1008 3436 aut
1027 3366 1148 3438 vulne-

235 3485 329 3540 ratus
359 3491 432 3536 non
461 3465 580 3536 luisset
610 3469 725 3540 habita
755 3470 886 3541 ratione
916 3469 1144 3554 valetudinis,

144 3584 147 3594 ’
235 3569 392 3657 roboris,
413 3567 538 3656 aetatis,
557 3570 714 3659 artificii,
734 3573 885 3670 peritiae,
906 3588 1033 3660 status,
1053 3572 1143 3644 modi
