2384 4442
30 569 122 616 men
144 542 188 615 de
208 570 313 616 usura
339 544 532 632 materiali,
559 562 593 616 et
617 544 794 642 apparenti
820 468 959 615 suinen·

29 648 127 717 dum
147 663 224 733 est,
249 664 421 744 quatenus
441 648 622 719 occasione
640 648 754 718 mutui
777 674 960 745 recupera-

27 768 95 821 tur
134 749 231 847 quod
261 778 364 822 suum
399 767 449 821 est
474 779 483 823 τ
512 751 601 837 hac,
629 750 795 846 inquam,
836 751 959 821 omissa

26 852 292 949 responsione,
324 852 471 924 dicimus
503 879 584 923 cum
614 851 704 922 Divo
722 851 856 924 Thema
877 878 908 924 2.
928 880 960 925 a.

31 955 238 1053 Quoestpss.
249 970 317 1027 art.
326 982 354 1027 1.
367 956 417 1026 ad
436 956 467 1027 3.
477 956 605 1053 quodni
619 954 775 1051 accipere
787 981 906 1025 usuras
919 956 961 1025 ab

30 1058 218 1129 extraneis
244 1084 317 1128 non
337 1058 404 1131 fuit
423 1058 553 1131 Judaeis
580 1082 786 1129 concessum
804 1056 901 1153 quasi
921 1056 963 1129 li·

30 1161 175 1245 citum,
196 1160 256 1229 sed
275 1154 480 1257 permissum
501 1161 700 1246 dumtaxat,
720 1187 759 1229 ac
779 1158 964 1231 toleratum

26 1263 75 1333 ad
98 1262 218 1357 majus
236 1262 367 1334 malum
385 1263 580 1350 vitandum,
597 1290 642 1334 ne
655 1262 786 1352 scilicet
801 1260 962 1335 aJndaeis

27 1390 166 1435 verum
178 1363 296 1435 Deum
313 1364 507 1437 colentibus
527 1393 648 1437 usuras
668 1365 865 1461 acciperent
884 1391 964 1461 pro-

25 1484 118 1565 pter
138 1466 389 1553 avaritiam,cui
409 1484 506 1539 erant
524 1468 680 1566 impense
700 1467 809 1539 dediti
822 1498 849 1538 ».
861 1467 905 1538 Et
922 1495 961 1539 re

26 1568 189 1667 quidem
206 1572 393 1643 reraPsal.
419 1574 472 1663 14.
495 1572 582 1644 Ver.
603 1570 634 1643 5.
653 1597 759 1642 usura
774 1570 963 1642 universim

26 1675 258 1759 damnatur,
287 1699 368 1743 cum
387 1672 514 1744 dicitur
530 1702 537 1747 :
551 1704 565 1741 o
591 1672 743 1744 [Domine
769 1672 846 1771 quis
866 1672 964 1744 hahi-

25 1774 129 1847 tabit
141 1774 182 1843 in
202 1776 425 1846 tabernaculo
443 1792 526 1862 tue,
547 1792 607 1845 aut
626 1776 702 1872 quis
720 1776 914 1872 requiescet
925 1774 963 1844 in

20 1893 162 1951 monte
184 1894 302 1949 sancto
321 1879 409 1949 tuo?
429 1876 500 1971 Qui
519 1904 592 1949 non
613 1878 681 1971 egit
700 1877 820 1947 dolum
839 1877 876 1946 in
895 1875 963 1946 lin-

21 2009 102 2077 gua
138 2006 228 2067 sua,
257 2007 323 2051 nec
354 1980 438 2051 fecit
456 1980 612 2077 proximo
635 2008 697 2051 suo
727 1979 876 2051 malum.
896 2036 904 2051 .
924 2034 962 2053 ..

22 2084 95 2183 qui
120 2083 219 2179 jurat
237 2083 393 2180 proximo
413 2111 498 2169 sUO,
519 2100 553 2161 et
571 2110 644 2154 non
661 2082 811 2180 decipit:
828 2080 889 2180 qui
904 2109 963 2179 pe-

22 2185 188 2259 cuniam
207 2212 304 2256 suam
323 2213 396 2257 non
416 2184 511 2257 dedit
530 2186 573 2256 ad
592 2213 733 2259 usuram
750 2201 805 2272 ‚et
815 2212 962 2256 munera

24 2315 149 2388 super
169 2288 397 2360 innocentem
412 2316 485 2360 non
505 2290 638 2385 accepit
653 2320 685 2361 o.
705 2287 778 2362 Ubi
789 2314 871 2359 cum
882 2315 965 2358 usu·

20 2417 162 2465 rarum
194 2392 325 2463 exactio
361 2391 474 2479 dolo,
503 2390 652 2489 proximi
689 2390 963 2461 danmificationi

20 2492 224 2595 perjurio,
245 2511 278 2564 et
306 2520 494 2565 munerum
516 2492 711 2589 acceptioni
732 2520 836 2587 super
862 2492 964 2562 inno-

22 2614 187 2670 centem
212 2614 453 2695 comparetur,
474 2596 553 2667 satis
571 2595 751 2680 innuitur,
778 2593 873 2662 illam
891 2620 964 2663 non

23 2703 163 2773 minus
180 2726 304 2797 ,quam
319 2701 392 2771 haec
412 2698 477 2771 alia
490 2697 704 2781 naturalibus
717 2694 839 2766 officiis
856 2693 967 2765 omni-

21 2833 79 2877 no
104 2829 320 2899 repugnare.

158 2905 246 2977 315.
268 2905 308 2977 Si
325 2932 407 2977 vero
425 2902 609 2974 moderatae
627 2927 742 2972 usurae
764 2898 901 2997 patroni
917 2899 968 2970 di-

21 3026 151 3095 cant,
172 3006 268 3077 illam
286 3010 328 3079 ab
349 3007 510 3079 omnibus
529 3007 601 3075 fere
621 3004 782 3075 humanis
800 3002 966 3097 legumla-

21 3112 183 3186 toribus
202 3111 307 3183 fuisse
326 3110 550 3209 permissam,
570 3105 770 3204 reponimus
788 3162 797 3192 ,
815 3106 852 3176 id
865 3105 967 3177 etiam

17 3220 182 3289 sactum
202 3240 272 3284 esse
286 3215 329 3285 ad
340 3214 452 3309 majus
471 3210 602 3282 malum
620 3210 819 3295 vitandum,
838 3236 884 3279 ne
903 3210 967 3279 sci-

18 3322 126 3392 licet
148 3344 194 3410 err
213 3318 396 3387 hominum
424 3313 579 3398 malitia,
603 3313 748 3407 gratuita
767 3328 889 3382 mutua
908 3312 967 3381 de-

17 3417 281 3516 negantium,
299 3422 435 3490 honum
454 3441 640 3488 commune
660 3413 892 3486 multitudinis
904 3412 969 3481 im-

18 3523 248 3627 pediretur,
270 3538 304 3592 et
321 3522 437 3619 plures
457 3514 574 3591 multis
594 3516 894 3589 commoditatibus
915 3540 970 3584 ca·

153 3623 309 3680 PicaEtk.
317 3624 381 3684 Vol.
390 3624 433 3677 ΙΙ.
735 3624 760 3710 4
