2384 4442
826 465 898 539 113

35 554 126 629 victe
153 556 365 631 demonstrat
390 560 500 635 Divus
532 560 683 635 Thomas
707 563 893 669 Supplem.
924 571 956 643 3.

30 666 163 759 partis.
185 661 316 761 Quoest.
329 664 390 756 4¹·
409 669 513 737 artic.
529 690 559 735 2.
580 670 617 735 iu
636 692 791 765 corpore
809 699 956 769 sequen·

32 765 130 835 tibus
158 762 269 836 verbis
286 794 322 839 :u
346 766 479 842 Natura
497 764 645 839 inclinat
671 768 716 840 ad
740 770 870 869 aliquid
891 774 957 849 du·

32 866 198 965 pliciter:
224 893 299 939 uno
321 868 425 940 modo
452 870 543 941 sicut
562 870 605 942 ad
624 870 684 959 id,
710 873 807 971 quod
826 891 957 949 estne·

34 968 227 1042 cessarium
246 968 289 1043 ad
308 970 559 1069 perfectionem
578 972 707 1062 unius,
728 991 762 1047 et
780 976 856 1049 talis
874 978 958 1051 obli·

33 1074 130 1169 gatio
159 1072 286 1169 obligat
305 1074 529 1173 quempiam,
549 1077 632 1175 quin
652 1072 828 1150 naturales
846 1082 926 1177 pers
944 1124 957 1137 ·
1076 1074 1083 1085 ⁰

32 1178 172 1248 ctiones
204 1175 365 1248 omnibus
395 1194 477 1249 sunt
505 1204 717 1251 communes.
740 1180 821 1253 Alio
851 1184 956 1255 modo

30 1279 186 1351 inclinat
205 1276 248 1350 ad
266 1278 423 1377 aliquid,
454 1281 549 1379 quod
577 1298 628 1355 est
656 1284 890 1358 necessarium
913 1286 957 1359 ad

31 1382 292 1482 perfectionem
309 1382 554 1457 multitudinis.
577 1385 622 1458 Et
652 1412 735 1457 cum
759 1388 870 1459 multa
889 1388 959 1461 sint

29 1484 266 1583 hujusmodi,
295 1512 447 1585 quorum
471 1512 585 1558 unum
610 1487 754 1591 impedit
773 1488 893 1578 aliud,
916 1518 959 1567 ex

29 1590 100 1663 tali
119 1586 345 1661 inclinatione
365 1616 438 1661 non
458 1590 629 1686 obligatur
647 1591 794 1690 quilibet
805 1620 867 1690 per
885 1619 959 1667 mo-

29 1694 126 1767 dum
145 1691 332 1789 precepti3
357 1690 437 1763 alias
457 1692 604 1790 quilibet
621 1693 725 1766 homo
744 1694 954 1792 obligaretur

29 1796 77 1869 ad
111 1792 381 1891 agriculturam,
413 1794 691 1885 edificatoriam,
720 1814 754 1870 et
772 1798 815 1869 ad
834 1798 957 1895 hujus·

25 1898 134 1973 modi
162 1896 299 1985 officie,
326 1924 403 1995 quur
427 1898 620 1970 necessaria
649 1916 733 1971 sunt
761 1900 956 1972 communi·

25 2002 100 2075 tati
119 2000 306 2087 humane,
326 2000 387 2071 sed
406 1999 627 2072 inclinationi
644 2001 794 2073 naturali
813 2003 958 2093 satisfit,

24 2130 122 2180 cum
141 2115 203 2201 per
222 2101 372 2175 diversos
392 2102 524 2176 diversa
535 2102 578 2175 de
590 2104 762 2201 praedictis
780 2106 958 2204 complen-

22 2227 105 2281 tur.
126 2204 221 2279 Cum
239 2231 321 2303 crgo
340 2205 382 2276 ud
402 2207 655 2303 perlectionem
680 2207 843 2279 humane
868 2208 960 2279 mul·

21 2307 200 2384 titudinis
218 2307 453 2379 necessarium
471 2309 536 2395 sit,
567 2308 700 2407 aliquos
721 2309 960 2407 contemplati-

8 2442 81 2505 ¹vae
114 2410 193 2484 vitae
219 2409 407 2498 inservire,
434 2438 511 2509 quae
538 2409 686 2484 maxime
705 2437 768 2507 per
785 2412 962 2484 matrimo-

22 2518 142 2591 nium
160 2513 371 2611 impeditur,
400 2512 582 2585 inclinatio
611 2528 745 2583 naturae
772 2511 816 2584 ad
845 2513 964 2584 matri·

22 2617 203 2694 monium
212 2643 286 2689 non
306 2616 433 2711 obligat
444 2643 506 2713 per
521 2613 666 2686 modum
677 2613 841 2712 precepti
860 2614 964 2687 etiam

22 2718 240 2798 secundum
251 2717 489 2816 Philosoplros.
502 2716 610 2793 Unde
623 2716 883 2814 Theophrastus
898 2716 908 2812 (
922 2733 964 2789 ut

21 2828 150 2901 refert
178 2821 410 2920 Hieronymus
429 2819 507 2893 Lib.
536 2845 566 2893 1.
585 2834 714 2894 contra
732 2819 964 2890 Iovinianum

23 2932 136 3029 Cap.
153 2924 241 3020 28.)
264 2925 408 3024 probat,
428 2922 523 3023 quod
542 2922 689 3022 sapienti
711 2922 722 3020 l
732 2919 760 2993 si
780 2919 961 2993 continere

16 3029 174 3135 possit)
196 3055 270 3101 non
290 3026 429 3126 expedit
453 3027 588 3100 nubere
613 3026 666 3125 (ι)
684 3056 723 3098 o.

116 3180 158 3249 (1)
178 3174 298 3251 Antiqui
322 3173 437 3233 Hebraei
456 3184 526 3231 teste
551 3172 676 3233 Seldeno
696 3172 758 3227 Lib.
782 3169 807 3228 5.
844 3172 917 3245 Cap.
935 3168 962 3226 3.

17 3254 208 3320 tradebant,
216 3263 360 3328 precepto
381 3248 429 3306 illo
447 3248 545 3307 divino
568 3246 728 3315 «crescite,
750 3258 780 3304 et
793 3245 967 3323 multiplica·

13 3331 108 3391 mini
118 3347 256 3398 s,omncs
271 3324 410 3384 masculos
431 3323 533 3394 teneri,
553 3336 586 3381 ut
606 3335 670 3384 aute
692 3341 727 3381 20
743 3342 833 3378 anuos
845 3339 968 3405 uxorem

9 3410 161 3472 ducant,
172 3401 228 3459 nisi
243 3414 293 3458 sut
305 3399 416 3457 assiduo
431 3398 499 3476 legis
516 3398 611 3457 studio
624 3397 689 3473 quis
705 3396 852 3454 incumbat
864 3395 967 3452 aerion

8 3479 166 3543 libidinis
187 3476 306 3535 stimulo
325 3473 478 3545 immunis,
499 3487 549 3531 sut
563 3474 706 3549 partium,
720 3472 825 3549 quibus
845 3468 899 3525 viri
918 3489 965 3524 su-

8 3580 122 3629 mus,
145 3554 265 3613 defectu
286 3549 462 3630 generationi
481 3550 516 3608 sit
541 3549 644 3627 impar.
662 3550 700 3607 Et
717 3548 774 3607 hoc
791 3556 971 3625 preceptum
