2384 4442
290 474 341 549 70

145 623 149 629 .
239 567 334 638 tem
354 550 408 623 vel
427 547 518 647 apud
539 574 573 618 se
598 571 751 618 mercem
767 544 969 633 retinendi,
991 538 1047 616 rel
1065 543 1150 620 illam

234 680 373 727 summo
403 669 463 723 aut
488 650 604 721 medio
633 650 745 747 pretio
772 650 959 721 vendendi.
986 648 1150 721 Praeterea

237 753 440 851 hujusmodi
457 768 656 825 contractus
670 752 784 851 quoad
802 753 968 825 effectum
981 752 1152 851 aequivalet

238 875 362 930 mutuo
380 857 563 949 usurari03
591 882 674 926 nam
689 852 835 953 perinde
856 883 891 927 se
910 856 1042 941 hebet,
1069 882 1108 927 ac
1129 855 1154 926 si

239 960 398 1032 venditor
424 973 548 1031 mutuo
568 955 667 1030 daret
694 958 867 1029 minorem
885 958 1044 1055 pecuniae
1068 984 1154 1028 sum-

238 1090 355 1151 mam,
376 1080 416 1135 ut
433 1064 601 1160 majorem
617 1078 736 1160 postea
753 1062 935 1159 reciperet.
954 1060 1140 1133 Merito
1098 1088 1155 1156 1g1

238 1182 298 1237 tur
328 1165 371 1237 ab
399 1165 608 1238 Innocentio
638 1164 703 1238 XI.
735 1164 897 1235 damnata
932 1179 984 1233 est
1012 1189 1183 1261 sequens

238 1268 448 1366 propositio:
464 1300 479 1336 ιι
509 1266 722 1341 'Contractus
760 1266 925 1339 Mohatra
961 1265 1078 1337 licitus
1110 1275 1183 1337 est³

237 1370 368 1442 etiarnsi
380 1388 538 1467 respectu
559 1368 717 1466 ejusdem
726 1386 904 1466 personae,
923 1384 958 1439 et
977 1394 1061 1440 cum
1073 1394 1155 1440 con·
1182 1411 1183 1446 ι

235 1488 349 1561 tractu
368 1472 670 1545 retrovenditionis
688 1472 812 1570 praevie
831 1472 919 1542 inito
938 1496 1022 1542 cum
1040 1469 1155 1542 inten·

237 1575 332 1646 tione
351 1574 482 1647 lucri».
1182 1567 1183 1606 ³

340 1679 375 1773 3.
398 1678 483 1749 3ιι.
503 1674 669 1749 Similiter
692 1693 819 1748 mutuo
843 1675 1002 1749 usurario
1031 1678 1154 1773 procul

232 1779 343 1852 dubio
373 1779 550 1877 aequivalet
580 1776 754 1852 cambium
772 1780 919 1867 siccum,
938 1806 1001 1851 seu
1020 1780 1156 1867 lictum,

235 1910 322 1981 quc,
333 1882 377 1955 ad
396 1884 629 1955 differentiam
645 1883 772 1953 cambii
789 1882 889 1954 realis
903 1909 983 1970 ,seu
1001 1883 1091 1970 veri,
1104 1911 1158 1981 pe·
1182 1887 1183 1942 ἕ

236 1987 341 2057 cunia
359 2013 422 2083 pro
442 1986 592 2083 pecunia
611 2013 678 2057 nee
695 1985 902 2057 manualiter
912 2012 979 2056 nec
1000 1984 1155 2058 localiter
1182 2027 1183 2076 p

234 2114 314 2157 vere
345 2104 588 2185 permutatur,
615 2089 678 2159 sed
709 2089 822 2160 solum
846 2088 965 2159 localis
994 2089 1155 2185 pecuniae
1182 2085 1183 2168 l

233 2189 441 2285 permutatio
456 2190 611 2306 'fingitur
640 2192 684 2262 ad
708 2191 849 2263 lucrum
874 2191 1154 2288 percipiendum.

234 2292 309 2364 Imo
329 2292 528 2363 usurarium
547 2320 686 2393 quoque
705 2293 776 2366 dici
795 2294 919 2381 debet,
938 2294 1080 2367 secluso
1092 2296 1157 2369 alio

233 2393 365 2465 titulo
355 2408 463 2490 justo
466 2396 640 2467 cambium
659 2394 871 2495 temporale,
901 2424 972 2495 quo
1003 2400 1157 2495 pecunia

233 2493 352 2567 Romae
371 2498 519 2570 traditur
549 2499 630 2571 alibi
648 2518 726 2598 post
752 2517 888 2572 certum
906 2516 1046 2598 tempus
1075 2530 1158 2574 cum
1182 2501 1183 2564 l

231 2597 330 2671 lucro
350 2601 563 2673 restituenda
584 2630 635 2675 ex.
664 2630 713 2699 gr.
736 2603 940 2699 Senogalli'ae
967 2603 1013 2673 ad
1042 2607 1158 2703 proxi

232 2728 305 2774 mas
323 2705 509 2778 nundinas.
541 2704 583 2777 ln
602 2704 663 2777 tali
691 2707 785 2779 enim
812 2706 945 2777 cambio
968 2721 1085 2803 patet,
1105 2709 1159 2780 ln-

234 2832 335 2877 crum
353 2835 427 2879 non
447 2809 552 2905 exigi,
578 2809 646 2880 nisi
664 2837 727 2907 pro
753 2810 905 2882 carentia
927 2810 1098 2907 pecuniae
1118 2813 1157 2883 ad

234 2926 369 2981 certum
378 2929 528 3010 tempus
541 2928 575 2984 et
593 2940 656 3009 pro
668 2910 850 2985 solutionis
862 2908 1046 3001 dilatione
1060 2916 1157 2988 ideo

233 3037 301 3109 quc
327 3040 397 3109 quo
429 3014 628 3087 remotiores
658 3031 742 3088 sunt
768 3014 952 3103 nundinat,
974 3043 1015 3087 eo
1037 3020 1155 3117 majus

230 3112 369 3184 lucrum
389 3116 546 3212 exigitur.
566 3118 646 3193 Jam
663 3147 744 3192 vero
763 3120 904 3192 lucrum
927 3119 1069 3215 exigere
1093 3151 1156 3220 pro

227 3217 407 3313 temporali
426 3218 577 3293 carentia
607 3224 779 3321 pecuniae,
810 3241 845 3295 et
868 3246 934 3321 pro
961 3223 1153 3297 solutionis

228 3318 408 3408 dilatione,
427 3338 477 3393 est
497 3327 619 3421 procul
647 3327 753 3399 dubio
771 3328 912 3399 lucrum
941 3326 1086 3422 exigere
1110 3356 1183 3400 er

225 3441 349 3496 mutuo
368 3424 401 3495 vi
420 3428 558 3513 mutui,
583 3430 621 3501 in
642 3458 730 3528 qua
738 3432 917 3503 exactione
950 3431 1011 3527 (§.
1033 3431 1183 3525 306)

219 3528 373 3599 vidimus
392 3556 533 3601 usuram
553 3534 749 3606 consistere.
769 3533 860 3629 Ergo
878 3551 943 3607 etc

326 3634 361 3727 3.
386 3634 470 3707 312.
490 3634 566 3708 Nec
586 3654 627 3710 ut
645 3637 835 3734 plurimum
853 3662 966 3712 usurae
987 3636 1069 3710 labe
1096 3665 1183 3710 ca
