2384 4442
33 585 205 671 minuto,
232 581 327 683 quod
352 581 444 655 facto
462 583 616 679 legitimo
642 583 680 654 in
703 610 756 656 res
786 585 958 684 quaslibet

34 686 246 785 aequisivit,
265 685 429 784 expoliari
446 714 567 784 posse:
585 685 622 758 id
642 687 735 758 enim
752 689 874 786 procul
893 689 958 760 du·

34 790 97 860 bio
116 791 279 886 importat
296 791 352 886 jus
371 789 454 860 alios
474 817 493 860 a
512 789 599 860 datae
618 789 670 860 rei
685 815 751 861 usu
772 790 958 862 excluden-

38 892 102 978 di,
135 893 263 992 inquo
293 891 511 990 potissimum
539 892 735 965 dominium
758 893 862 965 situm
888 920 959 965 esse

38 995 205 1068 diximus.

147 1101 181 1192 §-
203 1123 293 1216 299.
306 1097 399 1170 Hine
418 1115 535 1171 autem
553 1115 676 1198 sponte
701 1099 858 1198 sequitur
875 1099 962 1171 reri-

33 1218 91 1271 tas
111 1200 205 1270 illius
222 1201 389 1272 tritissimi
407 1202 540 1297 adagii,
550 1199 656 1318 'quod
674 1229 728 1274 res
747 1202 859 1274 ubivis
879 1203 963 1274 etin

34 1303 297 1401 cujuscumque
317 1305 477 1375 manibus
505 1305 655 1376 existens
674 1305 797 1376 elamat
826 1306 869 1377 ad
890 1305 962 1376 Do-

31 1406 202 1497 minum3
223 1434 284 1503 qur
274 1407 449 1502 proinde
468 1406 590 1479 illam
579 1424 708 1479 iterum
727 1408 791 1478 sibi
809 1407 964 1479 vindiea-

32 1537 77 1578 re
96 1525 210 1604 potest
230 1535 272 1578 eo
291 1509 398 1580 ferme
402 1526 539 1628 Upaeto,
559 1538 629 1609 quo
648 1510 892 1612 unusquisque
912 1513 962 1582 fa·

30 1638 127 1698 mae,
157 1609 213 1682 vel
231 1609 410 1682 honoris
400 1613 571 1684 1mmerito
589 1612 660 1684 laesi
676 1614 961 1712 ,reparationem

32 1712 205 1810 exigendi
224 1713 326 1785 etiam
344 1715 494 1811 pervim
511 1715 698 1787 naturale
688 1743 745 1830 Jus
764 1717 876 1790 habet.

144 1818 179 1911 ἕ.
201 1839 285 1914 291.
306 1815 400 1888 Cum
419 1843 500 1910 ergo
519 1816 626 1889 unius
645 1817 862 1915 jurissmper
881 1819 963 1890 alte-

26 1919 108 1990 rius
139 1917 305 2012 obligatio
333 1918 541 2017 respondeat
574 1919 632 2016 (ᾗ
664 1919 746 2016 39.)
772 1974 781 2006 ,
812 1917 963 1994 dubitari

30 2049 110 2092 non
131 2037 272 2118 potest,
299 2021 386 2118 quin
405 2021 517 2110 aliena
543 2020 721 2118 possidens
742 2047 781 2092 ea
808 2022 961 2118 legitimo

30 2124 183 2196 domino
202 2122 326 2194 debeat
345 2124 552 2210 restituere,
579 2124 648 2196 sive
667 2124 837 2196 hactenus
860 2127 961 2198 honae

30 2227 119 2299 fidei
138 2253 315 2323 possessor
334 2227 461 2314 fuerit,
482 2228 550 2298 sive
569 2227 666 2298 malae
686 2227 786 2314 fidei,
806 2231 962 2328 quamvis

28 2332 69 2402 in
89 2329 239 2426 reliquis
257 2329 446 2400 maximum
466 2331 509 2400 sit
528 2330 619 2400 inter
638 2329 821 2429 utriusque
835 2331 965 2426 obliga-

28 2434 152 2505 tiones
177 2431 374 2504 discrimen.
394 2431 501 2526 Quod
530 2449 571 2504 ut
588 2431 695 2529 probe
723 2431 963 2527 intelligatur,

29 2534 311 2609 advertendum:
330 2562 374 2623 r.,
393 2534 493 2605 illum
510 2535 612 2605 bonae
631 2532 713 2603 fidei
736 2559 965 2628 possessorem

31 2637 201 2722 censeri,
220 2637 282 2735 qui
300 2637 381 2709 talia
398 2638 503 2707 habet
522 2649 726 2730 argumenta
745 2632 788 2704 de
805 2634 964 2728 legitimi-

30 2759 107 2814 tate
138 2767 210 2810 suae
234 2739 482 2836 possessionis,
511 2735 668 2811 utnulla
697 2735 762 2832 ipsi
789 2755 965 2808 remaneat

29 2843 197 2942 prudens
216 2842 259 2913 de
285 2843 353 2914 hoe
373 2842 569 2929 dubitatio,
600 2839 686 2910 dum
716 2855 837 2910 eontra
867 2840 963 2910 malae

30 2947 123 3020 fidei
142 2966 316 3042 possessor
339 2945 397 3016 itte
417 2944 571 3032 dieitur,
602 2940 664 3042 qui
682 2940 736 3014 vel
760 2958 855 3015 certo
875 2942 962 3032 scit,

32 3079 71 3122 se
105 3047 302 3143 legitimum
320 3047 518 3145 possidendi
547 3046 691 3118 titulum
708 3046 782 3116 non
808 3045 962 3136 habere,

32 3153 96 3226 vel
115 3177 353 3246 cognoscens,
371 3151 471 3223 illum
489 3165 648 3248 respectu
664 3148 751 3244 juris
770 3148 874 3220 alieni
892 3151 963 3224 val·

33 3257 82 3328 de
103 3254 283 3324 incertum
301 3281 399 3340 esse,
429 3281 504 3325 rem
521 3252 642 3326 sedulo
666 3252 859 3326 examinare
887 3281 961 3324 non

32 3357 176 3453 satagit
196 3310 648 3454 Advertendumn.,1psum
665 3354 765 3426 bonae
784 3353 865 3426 fidei
884 3381 961 3449 pos·

33 3485 213 3535 sessorem
236 3459 298 3530 ubi
316 3486 391 3531 rem
408 3485 522 3558 quam
538 3455 689 3556 possidet
715 3457 862 3528 alienam
889 3482 961 3525 esse

33 3563 168 3649 novit,
195 3561 348 3658 siquam
372 3557 722 3660 primumeommode
748 3573 860 3655 potest
886 3583 960 3632 non

33 3667 227 3752 restituat,
243 3665 281 3735 in
300 3665 479 3740 malaefidei
497 3687 725 3766 possessorem
743 3659 961 3756 degenerare
