2384 4442
291 454 338 529 82

232 558 304 655 ipsa
324 583 361 629 re
373 573 487 655 empta
504 572 693 629 censentur
709 555 781 653 (sie
801 572 936 653 emptor
946 555 1065 630 domus
1078 585 1128 655 po·
1170 569 1171 624 J

232 676 391 733 testatem
407 661 510 733 etiam
527 660 648 735 emisse
665 659 804 732 videtur
825 659 995 731 cernendi
1013 677 1126 757 speeta-
1170 633 1171 694 i

231 764 331 851 cula,
350 790 428 861 quae
446 764 484 834 in
500 790 606 835 arena
620 762 776 861 proxima
791 764 883 835 fiunt
896 765 905 857 i
919 763 991 850 ,vel
1002 764 1128 835 tandem
1170 855 1171 858 Ἴ

232 867 313 965 quia
332 867 486 965 sepositae
502 883 585 939 sunt
601 868 645 938 ab
664 866 826 938 humanis
845 866 1058 938 commerciis
1072 924 1081 954 ,
1097 883 1131 939 ut

233 998 288 1045 res
308 996 411 1041 saerae
431 987 465 1043 et
483 969 636 1043 actiones
648 1026 658 1056 ‚
670 997 755 1068 quas
766 969 859 1065 leges
871 968 996 1041 divina
1007 986 1064 1041 aut
1078 970 1131 1041 hu-

233 1100 344 1148 manae
368 1073 424 1145 vel
453 1074 597 1145 omnino
626 1089 769 1160 vetant,
787 1074 843 1145 vel
867 1073 970 1169 gratis
997 1073 1133 1172 exerceri

232 1177 453 1275 praecipiunt.
471 1176 548 1251 Nec
567 1176 854 1273 praetereundum·
865 1176 909 1248 ad
932 1193 1135 1265 contractum

237 1280 421 1379 emptionis
438 1280 649 1353 venditionis
667 1280 791 1353 reduci
807 1307 954 1352 censum
973 1280 1136 1376 consigna-

234 1384 346 1456 tivum
359 1384 501 1471 realem,
514 1411 585 1483 quo
597 1384 675 1481 quis
687 1410 752 1482 pro
763 1400 858 1457 certa
868 1384 1027 1481 pecunia
1042 1409 1137 1482 quan-

133 1520 136 1531 ·
234 1486 330 1561 titate
353 1486 408 1583 jus
427 1488 512 1559 emit
533 1513 688 1559 annuam
710 1487 917 1585 pensionem
943 1516 987 1559 ex
1013 1485 1136 1559 alterius

236 1618 273 1663 re
292 1590 472 1663 fructifera
494 1590 729 1689 percipiendi,
748 1590 863 1663 donec
881 1589 937 1663 vel
954 1618 1008 1663 res
1019 1606 1135 1688 pereat,

236 1694 291 1765 vel
311 1694 432 1768 eadem
453 1693 613 1793 pecuniae
631 1693 805 1793 quantitas
824 1693 1036 1769 restituatur.

239 1956 242 1963 ,
310 1904 348 1972 (1)
369 1899 475 1959 Paulus
501 1875 728 1955 Jurisconsuitus
755 1897 792 1955 de
821 1910 973 1957 contractu
1000 1893 1136 1974 emptionis

233 1974 297 2028 aitza
310 1975 390 2051 origo
408 1975 520 2033 emendi
534 1972 737 2048 vendendique
752 1994 768 2027 a
783 1974 1044 2049 permutationibus
1056 1970 1135 2046 eoepit

236 2048 314 2105 Olim
334 2051 410 2107 enim
436 2072 496 2107 non
522 2049 562 2104 ita
582 2062 642 2104 erat
664 2068 800 2105 nummus
825 2069 862 2105 ne
884 2070 921 2105 ue
947 2049 1026 2105 aliud
1047 2067 1137 2112 merx,

235 2124 313 2179 aliud
338 2127 480 2200 pretium,
501 2124 641 2180 sedunus
664 2124 765 2211 uisque
784 2070 942 2181 seeundum
962 2124 1139 2182 necessitatem

237 2212 399 2274 temporum
421 2223 452 2257 ac
473 2218 569 2257 rerum
586 2198 649 2254 utili
673 2220 704 2255 us
720 2199 833 2256 rnutilia
848 2200 1048 2277 permutabat,
1063 2218 1140 2273 quan-

237 2274 274 2329 do
288 2274 461 2363 plerumque
476 2274 588 2341 evenit,
606 2287 638 2329 ut
654 2275 734 2351 quod
750 2274 847 2332 alteri*
860 2289 1002 2353 superest,
1013 2273 1138 2331 alteride·

236 2350 350 2418 sit‚sed
370 2372 437 2426 quia
456 2372 516 2406 non
536 2369 648 2425 semper
663 2364 690 2405 et
711 2350 791 2407 facile
811 2352 1019 2417 conveniebat,
1040 2362 1070 2406 ut
1083 2366 1138 2405 cum

236 2438 270 2483 tu
294 2426 413 2483 haberes
438 2426 518 2502 quod
541 2447 556 2483 e
576 2448 592 2481 o
621 2425 829 2495 desiderarem,
849 2427 975 2485 invicem
996 2426 1139 2487 haberem,

236 2502 319 2581 quod
339 2515 371 2561 tu
383 2503 511 2578 accipere
527 2447 633 2569 redies,
649 2501 738 2559 electa
753 2502 870 2560 materia
885 2516 949 2572 est,
966 2505 1046 2578 cujus
1060 2496 1140 2577 publi·

237 2596 270 2632 ca
298 2598 329 2634 ae
357 2592 500 2655 perpetua
531 2576 675 2633 aestimatio
705 2576 921 2635 difficultatibus
949 2599 1005 2655 per
1027 2588 1140 2632 mutuam

238 2654 428 2728 aequalitatem
448 2653 615 2730 quantitatis
640 2652 828 2710 subveniret:
848 2674 941 2730 eaque
963 2652 1079 2711 nrateria
1095 2650 1139 2705 sor-

237 2748 283 2785 1ua
306 2731 424 2806 publica
445 2748 579 2806 pereussa
601 2748 686 2786 usum
713 2728 931 2805 dominiumque
951 2750 1013 2787 non
1034 2741 1089 2785 tam
1113 2742 1140 2780 ex

238 2807 393 2863 substantia
412 2806 546 2882 praebet,
567 2824 655 2882 quam
671 2825 707 2860 ex
719 2806 898 2879 quantitate,
915 2826 967 2862 nec
984 2804 1059 2869 ultra
1073 2818 1139 2856 merx

238 2892 393 2958 utrumque
408 2880 456 2939 sed
472 2880 593 2937 alterum
606 2879 731 2957 pretium
747 2894 868 2937 vocatur
881 2905 904 2936 u.
920 2882 958 2937 Et
975 2882 1073 2937 Petrus
1083 2876 1141 2934 Ver·

237 2955 264 3011 ri
282 2956 313 3013 in
332 2977 383 3013 suo
404 2970 526 3015 tractatu
544 2958 782 3012 dell'Economia
802 2960 951 3023 Politice,
969 2954 1080 3032 inquit:
1100 2946 1140 3005 ,tl

240 3030 348 3087 danaro
362 3033 415 3089 ela
428 3052 522 3089 merce
535 3031 709 3098 universate,
725 3030 787 3088 eiod
803 3032 899 3108 quella
909 3052 1022 3099 meree,
1037 3031 1087 3087 cho
1100 3043 1142 3103 pet

238 3102 421 3162 l’universale
440 3128 490 3162 sua
510 3106 725 3175 accettazione,
748 3127 802 3182 per
821 3106 842 3163 il
860 3129 936 3185 poco
959 3105 1082 3173 volume,
1099 3101 1139 3157 che

240 3193 276 3235 ne
294 3180 383 3237 rende
399 3182 480 3238 facile
493 3181 514 3236 it
529 3194 688 3258 trasporto,
704 3202 758 3259 per
772 3184 800 3239 la
815 3183 936 3239 comoda
953 3179 1141 3260 divisibiliter

241 3276 295 3331 per
320 3254 580 3315 l'incorruttibilitd
603 3260 688 3314 suae
712 3258 948 3317 universalmente
976 3259 1101 3317 ricevuta
1118 3269 1141 3305 m

204 3384 207 3391 .
243 3330 378 3389 iseumbio
399 3331 429 3387 di
449 3332 517 3410 ogni
535 3352 630 3391 merce
648 3332 828 3410 particulare.
971 3329 977 3340 ”
