2384 4442
822 497 890 544 101

55 588 139 660 rent,
164 570 216 643 vel
237 584 282 643 -ut
308 568 372 669 ipsi
392 596 410 641 e
431 584 572 642 strenuo
592 586 628 643 et
644 570 769 647 virtute
799 573 942 671 praedito

55 678 113 749 viro
137 674 219 747 filios
237 673 275 745 in
298 688 464 773 potestate
494 664 689 761 halierent,
714 677 769 748 vel
795 693 834 747 ut
861 678 947 749 alter

56 808 86 851 er
101 779 244 875 ingenua
263 793 297 848 et
315 776 591 875 praestantissima¹
614 778 755 849 soernina
772 778 884 851 lilium
901 780 945 851 si·

54 884 81 953 hi
97 895 319 979 compararet:
347 880 395 952 sic
422 878 515 951 enim
534 895 593 952 aut
612 897 781 977 paterna,
801 898 861 952 aut
877 907 947 953 ma·

54 1003 134 1057 terna
161 1010 223 1082 ope
259 982 374 1081 genita
409 982 541 1055 soboles
571 984 644 1055 lere
673 984 817 1058 omnino
846 983 949 1057 ‹lesti-

52 1103 187 1161 tueretur
210 1088 288 1187 (ι).

111 1296 143 1363 (r)
163 1289 238 1347 Talis
258 1308 411 1348 consensus
431 1290 483 1349 etsi
502 1311 562 1348 non
582 1290 665 1348 cedat
680 1289 710 1346 in
736 1290 870 1368 iujuriam
890 1310 948 1347 rna·

52 1365 100 1436 riti,
116 1366 162 1442 qui
181 1366 290 1432 talis‚et
310 1378 343 1422 ut
361 1386 491 1441 personae
510 1367 641 1443 privatae,
661 1366 738 1423 cedit
754 1380 849 1425 tamen
865 1367 949 1421 inin·

50 1442 133 1515 iuriam
150 1440 261 1511 mariti,
278 1460 334 1515 qua
354 1439 491 1509 talis‚seu
508 1462 565 1516 qua
580 1440 699 1517 obligati
711 1442 741 1496 in
752 1442 863 1498 bonum
881 1463 949 1518 pro·

49 1515 92 1581 lir;
109 1516 177 1576 cedit
194 1517 266 1573 item
285 1516 316 1571 in
335 1515 469 1589 injuriam
485 1516 573 1592 prolis
590 1515 628 1573 oh
643 1517 843 1593 prejudicium
864 1538 949 1595 geue-

49 1591 144 1649 rationis
158 1606 185 1653 st
203 1590 404 1649 educationis:
425 1590 501 1649 cedit
526 1590 652 1665 denique
676 1592 707 1647 in
732 1592 867 1668 iujuriam
894 1605 949 1649 sta·

49 1679 81 1722 tus
97 1666 244 1754 conjugalis
268 1666 306 1723 ob
333 1665 444 1722 bonurn
470 1664 621 1743 publicum
649 1666 787 1724 societatis
814 1668 950 1725 humanas

49 1740 166 1812 ordinati,
179 1743 209 1802 vi
228 1742 313 1816 cujus
333 1739 389 1797 tale
408 1746 452 1815 jus
474 1740 664 1799 renuntiahile
681 1762 742 1797 non
762 1755 811 1800 est.
831 1742 950 1799 Naturae

46 1814 116 1890 igitur
130 1820 191 1891 jure
211 1815 277 1875 talis
297 1835 451 1873 consensus
471 1816 593 1886 irritus,
616 1828 646 1873 et
663 1816 760 1873 nullus
781 1828 822 1874 est
839 1859 847 1886 ‚
863 1830 950 1893 utpo-

46 1902 65 1945 te
80 1891 227 1949 contrarius
250 1891 342 1948 amori
372 1902 401 1947 et
420 1891 561 1967 conjugi,
582 1904 611 1948 et
629 1891 707 1967 proli
726 1892 756 1947 in
780 1891 883 1956 ordine
910 1892 947 1947 ad

45 1966 196 2025 matrimonii
222 1967 314 2023 finem
346 1965 516 2023 naturaliter
549 1966 674 2036 debito,
695 1980 724 2024 et
748 1968 784 2024 ad
815 1967 950 2025 humanas

45 2042 160 2099 societatis
179 2042 345 2101 felicitatem
366 2040 626 2119 indispensabiliter
644 2044 809 2099 necessario.

103 2117 172 2175 Hinc
186 2130 280 2194 patet:
302 2136 343 2185 m,
359 2115 432 2171 illud
448 2116 559 2173 axioma
573 2115 707 2184 «scienti,
723 2130 752 2174 et
769 2117 948 2176 consentien-

44 2189 73 2259 ti,
88 2212 143 2249 uon
161 2192 194 2249 fit
211 2191 364 2267 injuria»,
384 2191 480 2249 locum
500 2192 607 2249 habere
628 2192 722 2249 solum
742 2193 861 2268 quando
880 2213 949 2250 con-

43 2284 119 2323 sensus
137 2280 177 2325 est
195 2265 310 2325 validus
325 2288 331 2317 :
348 2286 500 2323 consensus
521 2281 616 2323 autern
636 2268 691 2325 viri
710 2268 741 2323 in
760 2289 828 2326 casu
847 2281 947 2324 nostro

44 2340 133 2399 validus
150 2364 205 2401 esse
225 2360 289 2399 nou
307 2353 423 2417 potest,
440 2342 508 2417 quia
528 2342 573 2401 vir
592 2342 623 2397 in
642 2349 764 2399 uxorem
782 2346 828 2419 jus
847 2342 945 2409 habet,

43 2432 88 2471 nou
124 2419 197 2475 uoad
213 2415 380 2475 dominium
399 2416 582 2485 ahsolutum,
602 2415 653 2473 sed
669 2418 766 2491 quoad
786 2437 870 2475 nsum
889 2418 949 2474 lici·

44 2437 277 2561 rumimunt,
296 2491 421 2565 ideoque
441 2490 525 2547 simili
549 2490 627 2564 juri,
646 2491 729 2618 ‹puod
747 2491 947 2566 unusquisque

42 2562 112 2625 hahet
129 2568 157 2624 in
177 2590 228 2625 sua
248 2566 396 2634 membra,
417 2584 540 2641 quorum
559 2584 643 2621 usum
668 2564 768 2620 icitum
781 2565 871 2621 habet
886 2586 946 2621 non

43 2654 119 2697 autem
136 2645 179 2717 jus
199 2644 235 2702 de
257 2642 289 2699 iis
308 2639 438 2699 absolute
452 2646 522 2712 (ver.
534 2658 576 2715 gr.
596 2638 790 2694 abscindendo
801 2644 808 2706 t
819 2637 879 2694 sine
899 2659 943 2694 rav

43 2715 151 2775 tionabili
169 2740 256 2779 causa
275 2717 436 2794 disponere.
458 2715 539 2771 Patet
551 2730 596 2781 m,
616 2712 751 2789 copulam
769 2712 824 2768 viri
843 2713 944 2785 conju-

42 2791 87 2865 gati
103 2814 166 2851 cmm
186 2794 282 2851 soluta
307 2792 394 2849 etiam
419 2786 616 2846 consentiente
639 2807 731 2844 uxore
755 2806 813 2872 esse
836 2786 947 2843 adulte-

42 2866 101 2923 m'um
118 2911 125 2937 ,
145 2871 212 2945 quia
232 2868 332 2926 uxoris
353 2884 505 2923 consensus
525 2862 685 2921 contrarius
706 2875 793 2917 status
811 2863 948 2948 conjuga-

29 2938 65 3009 li,
81 2958 106 3002 et
123 2945 200 3002 bono
220 2940 360 3001 societatis
378 2940 511 2997 humanae
530 2960 583 3015 per
601 2935 776 2993 matrimonii
796 2936 884 2992 finem
906 2957 950 2993 ru·

42 3029 129 3092 tento,
146 3020 275 3097 ideoque
294 3018 330 3076 de
348 3019 412 3093 jure
432 3036 492 3075 non
511 3012 703 3073 renunciabili
722 3025 764 3070 est
782 3012 888 3069 nullus.
935 3086 937 3089 y

129 3242 164 3337 §.
186 3241 272 3333 341.
292 3216 470 3313 Hactenus
496 3231 645 3305 delibata
670 3229 841 3302 naturalia
860 3258 947 3303 con·-

39 3341 148 3439 jugom
166 3343 293 3416 officia.
311 3339 518 3438 Principum
546 3333 793 3433 Apostolorum
817 3360 944 3431 praeee-

39 3447 95 3541 ptis
122 3446 269 3519 omnino
299 3459 532 3517 consentanea
560 3454 654 3511 sunt.
687 3435 818 3511 Paulus
850 3434 945 3506 enim

39 3550 193 3648 conjuges
211 3548 393 3653 alloquens
404 3545 438 3619 Ι.
452 3543 616 3619 Chorint.
639 3568 670 3643 7.
692 3540 738 3616 V.
753 3540 785 3611 3.
802 3552 837 3611 et
846 3562 942 3639 seqq.
