2384 4442
48 561 219 664 stertente,
242 559 276 632 ri
296 560 397 657 eujus
416 560 454 632 in
473 588 545 633 una
563 588 653 634 urna
681 490 963 639 ludentinmbo-

56 663 164 749 mina,
185 688 246 735 scu
264 664 404 735 numeri
423 665 465 736 ab
484 663 525 736 iis
546 665 653 764 empti
665 683 719 753 ,et
736 669 774 738 in
793 669 859 739 alia
876 696 961 766 prm

57 767 196 839 mierum
214 766 357 839 nomina
375 784 578 865 ponuntur:
601 785 719 865 postea
736 797 817 842 vero
836 772 881 841 sd
900 799 962 844 cu-

58 870 172 968 jusque
191 869 392 945 ludentium
409 870 649 958 voluntatem,
678 900 720 944 ex
739 889 886 970 utraque
904 902 965 946 ur·

54 1000 96 1045 oa
112 998 277 1044 numerus
305 974 520 1061 extrahitur,
548 990 583 1045 et
603 974 731 1073 cuique
752 975 964 1071 assignatum

57 1074 225 1173 premium
244 1078 476 1163 conceditur,
506 1075 535 1148 si
560 1104 730 1149 numerus
746 1112 764 1165 ,·
786 1105 848 1150 scu
867 1079 965 1151 sche-

57 1178 128 1249 dula
140 1178 308 1251 *secunde
327 1207 425 1252 urnae
441 1178 484 1250 sit
497 1208 538 1252 ex
557 1180 624 1251 illis
636 1182 764 1279 quibus
782 1182 966 1277 praemium

57 1282 223 1379 prefixum
243 1299 317 1357 est:
347 1310 429 1355 nom
447 1309 535 1380 saepe
555 1284 674 1355 multae
692 1284 866 1356 schedulae
885 1284 963 1358 nul·

57 1382 123 1457 lum
139 1386 366 1483 praeseferunt
385 1386 574 1483 premium.

149 1489 291 1588 §dep
315 1484 542 1589 Denique‘ad
561 1504 761 1562 contractus
787 1488 965 1561 aleatorios

58 1591 245 1663 reseruntur
275 1591 351 1665 ludi
380 1619 500 1665 omnes
520 1646 530 1679 ,
550 1608 585 1665 et
604 1594 830 1690 sponsiones,
859 1592 965 1687 vulgo

59 1718 267 1768 seommesse.
296 1695 418 1769 Ludus
448 1696 543 1769 enim
572 1696 719 1794 quilibet
748 1716 799 1770 est
829 1712 963 1769 contra·

59 1813 149 1885 ctus,
179 1824 252 1896 quo
282 1797 443 1871 ludentes
472 1800 563 1870 inter
592 1826 628 1871 se
656 1799 776 1872 saltem
797 1798 966 1896 implicite

59 1900 293 1998 paciscuntur,
310 1919 350 1974 ut
368 1902 491 1980 victori
510 1902 611 1973 cedat
627 1902 664 1973 id
684 1903 780 2001 quod
799 1928 965 1999 exposue-

59 2021 143 2077 runt.
171 2003 324 2103 Sponsio
352 2033 434 2079 vero
465 2020 516 2077 est
543 2022 769 2093 contractus,
799 2033 869 2105 quo
894 2003 966 2075 duo

61 2106 106 2177 vel
123 2106 237 2207 plures
270 2108 314 2181 de
344 2110 395 2181 rei
421 2109 568 2205 alicujus
590 2109 732 2181 veritate
752 2125 812 2180 aut
840 2123 966 2179 eventu

60 2212 328 2300 contendentes,
359 2212 488 2311 aliquid
520 2212 584 2283 sibi
613 2231 737 2284 mutuo
768 2210 968 2310 spondent,

61 2330 94 2384 ut
111 2314 151 2385 sit
169 2316 259 2411 ejus,
272 2316 334 2415 qui
351 2316 531 2388 veritatem
549 2317 655 2388 luerit
674 2333 862 2388 assecutus.
882 2314 967 2387 Por-

61 2443 93 2487 ro
110 2434 149 2489 ut
166 2419 368 2518 sponsiones
386 2418 506 2492 validae
526 2418 596 2489 sint
618 2436 653 2490 et
681 2421 834 2492 honestes
853 2416 968 2515 requi·

61 2518 155 2596 citur:
179 2548 232 2610 1.‚
262 2540 377 2596 utres
397 2522 440 2595 de
471 2548 540 2620 qua
567 2522 708 2617 agitur,
735 2523 778 2591 ab
806 2520 967 2593 omnibus

62 2624 301 2719 spondentibus
334 2626 457 2698 eodem
483 2650 587 2697 sensu
618 2625 838 2722 accipiatur:
870 2648 970 2692 secus

62 2726 145 2799 enim
163 2733 237 2801 non
254 2747 342 2802 esset
355 2729 512 2801 omniurn
531 2728 568 2799 in
587 2728 682 2799 idem
700 2726 867 2825 placitum
885 2751 971 2795 con-

63 2854 194 2919 sensus,
223 2833 373 2931 ideoque
403 2859 470 2905 nec
500 2848 665 2929 pactum;
702 2856 733 2904 2.
759 2845 800 2899 ut
817 2855 898 2914 res,
926 2826 970 2899 de
1049 2849 1056 2872 ⁸

63 2958 122 3027 qua
139 2935 274 3030 agitur,
294 2937 337 3007 sit
356 2935 518 3007 omnibus
538 2932 833 3008 contendentibus
856 2930 970 3000 incer·

62 3047 109 3108 ta:
127 3062 225 3110 secus
253 3039 349 3111 enim
366 3066 440 3109 non
460 3055 548 3111 esset
576 3039 616 3109 in
647 3037 807 3109 omnibus
835 3033 907 3130 spei
937 3050 974 3105 et

62 3137 202 3233 periculi
232 3142 415 3243 aequalitas.
434 3140 527 3214 Ludi
545 3158 663 3213 autem
682 3166 764 3213 cum
784 3137 854 3210 sint
872 3151 972 3234 pacta

65 3242 317 3333 conditionate,
343 3262 429 3317 tunc
449 3243 667 3317 solummodo
685 3241 769 3341 justi
787 3239 857 3312 dici
875 3256 971 3337 pote·

63 3361 162 3432 runt,
182 3374 221 3418 ao
242 3348 447 3433 debebunt,
466 3347 607 3445 quando
628 3346 669 3418 iis
688 3342 895 3419 adamussim
914 3368 971 3437 ge·

63 3447 183 3521 nerslia
203 3467 386 3548 pactorum
403 3449 568 3550 requisita
595 3451 832 3522 observentur.
852 3442 970 3538 Quare

61 3543 281 3626 luderecum
298 3552 462 3654 parvulo,
490 3578 573 3627 cum
597 3552 674 3626 ludi
691 3552 835 3648 ignaro,
854 3545 897 3618 de
915 3573 970 3617 re·
