2384 4442
318 460 333 510 s

315 502 339 552 -r

232 486 404 638 ratibnem
421 556 566 632 idoneos
578 585 755 647 exercere,
773 558 830 630 vel
848 557 981 656 prolem
1006 556 1155 629 educare

235 663 379 740 omnino
406 687 481 734 non
507 679 675 762 possunt,
705 660 854 735 invalide
881 685 1025 758 prorsus
1058 660 1157 731 etiam
1185 651 1186 688 ³

234 763 501 868 praescindendo
519 793 539 837 a
558 764 676 864 quavis
703 765 778 860 lege
808 763 953 862 positiva
984 764 1186 840 matrimo}

235 871 339 944 nium
357 867 572 941 contrahere.
585 868 799 941 Naturaliter
818 894 898 962 ergo
918 893 938 938 a
957 866 1096 964 nuptiis
1112 893 1161 937 ar·
1185 891 1186 936 t

238 988 551 1069 centurperpetuo
570 988 750 1059 amentes,
770 998 831 1042 seu
851 969 994 1041 rationis
1016 997 1086 1041 usu
1106 997 1160 1067 pe·
1185 943 1186 1034 l

125 1151 148 1160 ,
239 1076 336 1149 nitus
366 1073 552 1160 destituti,
577 1074 712 1145 nedum
741 1074 823 1172 quia
849 1073 956 1144 libere
984 1073 1027 1143 in
1059 1073 1186 1144 socie-3

238 1194 347 1252 tatem
376 1175 596 1273 conjugalem
631 1177 828 1248 consentire
858 1193 1076 1274 nequeunt,
1108 1174 1163 1246 sed

239 1281 346 1352 etiam
363 1279 446 1376 quia
474 1277 517 1349 ad
543 1278 679 1376 prolem
704 1279 921 1351 educandam
946 1295 1037 1350 sunt
1057 1277 1186 1360 omni-;

239 1410 288 1456 no
317 1381 515 1474 inhabiles3
542 1382 724 1481 multoque
759 1383 866 1478 magis
903 1381 1052 1468 evirati,
1085 1408 1164 1479 pue·

241 1485 273 1557 ri
297 1499 378 1556 ante
408 1484 650 1580 pubertatem,
679 1501 713 1556 et
739 1484 921 1556 insanabili
948 1483 1165 1582 impotentia

240 1587 362 1660 morbo
400 1585 621 1679 laborantes,
652 1588 734 1687 quia
764 1587 964 1659 nullatenus
1001 1614 1165 1660 exercere

240 1705 387 1790 possunt
422 1705 520 1760 aetus
551 1716 594 1760 ex
627 1717 663 1761 se
697 1691 740 1762 ad
771 1690 874 1788 prolis
902 1691 1165 1786 generationem

243 1792 398 1865 idoneos.
422 1793 475 1890 (1.
497 1818 529 1864 2.
550 1792 583 1864 3.
603 1795 637 1885 4.
654 1808 688 1863 et
707 1791 761 1891 5.)
788 1792 883 1886 Quid
911 1821 992 1864 vero
1013 1785 1186 1864 sentien?

244 1895 331 1968 dum
364 1895 408 1966 de
438 1894 569 1992 nuptiis
607 1922 684 1994 quar
711 1894 888 1967 interdum
918 1923 937 1967 a
968 1896 1164 1980 sterilibus,

244 1997 300 2070 vel
318 2025 339 2068 a
357 2025 440 2070 sene
459 1997 656 2095 decrepito,
686 2015 719 2070 et
739 2001 781 2070 ab
803 2001 917 2070 esloeta
936 1999 1058 2070 vetula
1088 2026 1164 2070 con·

246 2100 463 2173 trahuntur?
490 2100 691 2174 Dummodo
713 2101 915 2200 hujusmodi
938 2129 1102 2199 personae
1122 2128 1165 2172 ra·

245 2201 351 2274 tionis
369 2228 474 2274 usum
493 2203 667 2293 babeant,
698 2222 733 2276 et
759 2222 856 2279 actus
877 2231 973 2276 exse
994 2205 1039 2276 ad
1065 2203 1166 2303 prolis

245 2304 506 2401 generationem
524 2305 669 2380 idoneos
689 2335 849 2380 exercere
869 2307 1000 2406 possint
1014 2364 1023 2394 ,
1037 2308 1166 2406 nuptia

245 2409 320 2478 istae
349 2407 552 2480 naturaliter
578 2410 698 2482 validae
729 2413 852 2509 procul
882 2410 990 2483 dubio
1018 2410 1095 2482 dici
1116 2410 1167 2482 dc·

245 2509 358 2598 bent,
377 2511 460 2609 quia
478 2539 519 2582 eo
539 2512 612 2612 ipso
634 2515 858 2612 capacitatem
883 2514 1014 2584 habent
1033 2531 1166 2586 utrum-

248 2641 319 2714 que
347 2613 564 2712 potissimum
590 2617 773 2714 conjugale
796 2643 924 2689 munus
944 2617 1166 2715 exequendi,

247 2716 403 2817 quamvis
432 2745 494 2815 per
524 2719 685 2790 accidens
716 2738 846 2792 attenta
872 2719 1051 2792 sterilitate
1078 2775 1089 2806 ,
1120 2715 1186 2798 vell

251 2838 348 2894 aetate
373 2839 535 2920 provecta
564 2823 778 2919 probabilem
807 2849 903 2922 spem
923 2849 996 2893 non
1017 2823 1166 2895 habeant
1185 2823 1186 2908 j

247 2925 382 3022 prolem
398 2915 518 2996 bevera
538 2925 752 3021 generandi,
772 2943 806 2997 et
826 2924 1010 2998 educandi.

327 3113 364 3180 (1)
383 3108 632 3188 AErmaphroditi,
656 3109 728 3169 idest
747 3111 783 3168 de
809 3103 933 3186 utroque
957 3129 1027 3166 sexu
1057 3111 1166 3186 partici-

249 3193 368 3271 pantes,
384 3184 476 3243 valide
492 3200 521 3244 et
535 3186 611 3242 licite
630 3186 659 3242 in
680 3208 749 3243 sexu
760 3187 933 3264 praevalente
952 3185 1166 3242 matrimonium

249 3257 322 3314 inire
337 3271 472 3334 possunt,
492 3261 549 3317 imo
570 3263 655 3319 etiam
671 3261 767 3320 saltem
787 3261 879 3319 valide
898 3261 929 3316 in
949 3280 1019 3316 sexu
1035 3260 1165 3317 debiliori

251 3333 273 3391 si
289 3333 319 3388 in
335 3354 369 3390 eo
389 3335 544 3409 perfectam
559 3337 694 3412 copulam
709 3337 818 3413 possint
837 3355 976 3394 exercere.
993 3336 1165 3413 Androgyni

251 3423 367 3478 autem,
382 3409 454 3464 idest
475 3426 601 3486 utroque
623 3434 691 3469 sexu
711 3413 858 3488 aequaliter
871 3410 996 3468 valentes
1012 3411 1093 3468 licite
1109 3433 1166 3488 poe

252 3498 319 3544 sunt
347 3485 427 3541 velut
451 3486 567 3552 virum,
595 3489 676 3544 velut
703 3487 846 3544 foeminam
872 3486 987 3562 nuptias
1018 3487 1164 3542 contrahe

252 3581 297 3618 re:
312 3563 377 3635 jure
390 3573 485 3618 tamen
498 3561 691 3620 Ecclesiastico
704 3563 785 3620 alteri
800 3562 880 3622 sexui
895 3581 991 3619 coram
1005 3561 1107 3636 judice
1119 3565 1165 3617 Eo
