2384 4442
34 523 190 611 auferre,
221 521 333 596 soluto
352 519 451 593 alteri
476 519 538 619 qui
562 520 652 594 mala
679 520 747 594 fide
765 546 840 593 non
868 524 938 621 egit
971 535 976 539 “

31 625 147 727 quanti
165 624 232 697 suit
250 623 426 697 solirnus.
448 622 614 695 Similiter
632 624 660 695 si
684 626 824 697 materia
844 629 942 700 adhi-

31 732 100 802 bita
116 728 153 800 in
164 726 348 800 immobilis
367 725 503 798 edificii
518 727 775 798 constructione
787 728 942 827 indigeat

30 831 176 908 matefiae
193 830 371 917 dominus,
391 828 453 927 qui
471 827 561 913 mala
579 828 648 903 fide
667 829 754 901 illud
773 858 846 903 non
857 862 940 906 eon·

31 934 218 1023 struxerit,
249 949 284 1007 et
310 931 459 1005 similem
489 932 670 1006 commode
699 934 855 1007 nancisei
881 962 942 1009 ne·

30 1054 157 1141 queat,
178 1062 315 1137 aequum
334 1051 406 1123 est,
427 1034 748 1134 (praescindendoa
767 1039 884 1136 quavis
895 1039 944 1111 le·

29 1170 72 1238 ge
92 1140 201 1239 civili)
224 1157 264 1212 ut
282 1138 333 1212 illi
352 1138 564 1211 concedatur
584 1165 660 1212 cam
671 1138 791 1213 tollere
810 1140 944 1215 damnis

31 1244 267 1342 compensatis.
299 1240 405 1337 Quod
432 1242 535 1314 etiam
563 1241 757 1315 dicendum
787 1245 815 1317 si
842 1246 944 1319 fundi

31 1348 173 1421 domino
192 1346 413 1444 plantarum,
437 1344 491 1416 vel
510 1342 645 1416 aedifieii
663 1344 813 1443 pretium
837 1349 944 1422 solve·

31 1480 68 1523 re
88 1448 309 1522 commodum
327 1447 471 1519 nonsit.
491 1448 565 1520 lmo
595 1465 689 1522 recte
708 1448 776 1523 hoc
802 1450 840 1522 in
860 1478 943 1524 casu

33 1556 186 1637 observat
212 1550 505 1637 Pul'sendorlius,
537 1551 768 1649 aequissimum
803 1553 941 1641 videri,

30 1656 127 1757 quod
146 1656 175 1727 si
193 1654 353 1727 doninus
381 1652 483 1726 fundi
502 1652 602 1725 facile
623 1654 728 1753 hujus
754 1673 876 1754 parte,
904 1658 943 1727 in

31 1787 97 1860 qua
120 1758 304 1829 aedificium
322 1772 561 1829 constructum
580 1772 653 1845 est„
680 1785 795 1830 carere
814 1776 944 1858 queat,

29 1878 171 1961 recepto
191 1859 253 1932 soli
271 1860 381 1958 pretio
400 1858 499 1931 alteri
518 1858 701 1933 aedilicium
712 1861 893 1960 relinquat.

135 1968 171 2061 §-
192 1986 275 2063 279.
296 1961 384 2057 Quae
404 1960 446 2033 de
466 1988 583 2033 rerum
596 1963 825 2035 immobilium
845 1992 947 2037 orna·

30 2068 157 2141 mentis
176 2066 390 2151 dictasunt,
410 2062 453 2137 de
472 2065 513 2137 iis
526 2093 666 2166 quoque
685 2066 946 2163 intelligantur,

32 2198 109 2271 quae
128 2168 434 2243 rebus-mobilibus
454 2185 615 2263 ornatur,
635 2160 702 2243 aut
714 2171 947 2269 complemen-

31 2276 58 2345 ti
79 2302 181 2349 causa
199 2272 247 2343 ita
265 2270 502 2368 adjiciuntur,
522 2289 562 2343 ut
581 2272 656 2345 sine
683 2274 788 2345 totius
812 2274 947 2348 destru-

32 2379 149 2450 ctione
186 2374 334 2473 separari
360 2401 432 2446 non
462 2375 618 2473 possint:
652 2376 688 2449 id
720 2377 814 2449 enim
844 2380 947 2475 cujus

31 2480 183 2553 ornandi
202 2495 263 2551 aut
281 2477 477 2577 complendi
497 2479 706 2551 causaaliud
725 2479 947 2575 adjungitur,

29 2582 224 2683 principale
252 2580 373 2653 merito
404 2598 575 2653 censetur.
611 2581 718 2657 Unde
748 2581 777 2651 si
807 2598 947 2653 ornatus

30 2714 138 2760 causa
181 2710 313 2782 gemma
342 2684 453 2755 aliena
489 2681 621 2753 annulo
662 2700 724 2754 tuo
751 2684 948 2770 inseratur,

26 2791 146 2863 aliena
165 2814 318 2887 purpura
336 2786 422 2857 vesti
440 2802 508 2857 tuae
529 2800 741 2871 consuatur,
760 2784 873 2857 alieno
893 2813 950 2857 co-

27 2894 105 2965 lore
126 2918 244 2965 mensa
264 2908 324 2962 tua
342 2889 522 2985 tingatur,
554 2886 649 2959 color
675 2914 802 2959 mensae
832 2888 949 2976 cedit,

27 2996 190 3093 purpura
208 2994 317 3081 vesti,
347 3016 479 3089 gemma
508 2992 666 3078 annul0,
695 2990 742 3063 ita
768 3007 885 3064 tamen
909 3009 951 3068 ut

27 3099 88 3170 hie
111 3099 218 3170 etiam
235 3099 352 3169 locum
374 3096 523 3167 habeant
553 3092 863 3169 animadversiones
890 3122 950 3195 ap·

27 3202 153 3300 positae
178 3204 234 3299 (§.
257 3201 365 3299 278).
578 3266 581 3272 .

140 3308 175 3402 ς.
207 3305 290 3377 280.
318 3300 555 3375 Diversimode
583 3300 805 3376 sentiendum
833 3302 877 3373 de
897 3303 953 3399 ⁴pi-

28 3426 135 3480 ctura
155 3410 194 3479 in
215 3405 325 3479 aliena
352 3404 420 3476 tela
438 3404 611 3479 inferioris
637 3407 739 3505 pretii
768 3431 951 3504 expressa,

27 3540 100 3585 nee
123 3538 200 3585 non
220 3510 264 3583 de
284 3507 505 3605 scripturam
527 3507 647 3584 alienis
674 3509 823 3591 chartis,
850 3534 952 3603 papy-

29 3617 102 3704 rio,
124 3632 188 3689 aut
209 3610 415 3685 membranis
434 3628 578 3685 exarata.
599 3611 676 3687 Nec
703 3610 798 3683 enim
820 3610 955 3710 pictura
