2384 4442
848 450 916 527 151
1036 518 1048 543 „

167 560 231 656 S
223 553 279 629 16
299 552 452 642 Amoris,
471 571 512 626 ut
532 552 651 651 inquit
671 551 889 627 Clarissimus
908 553 975 626 Re·

51 689 162 739 nazzr
152 647 342 734 Elemen.
357 660 463 732 Juris
480 659 689 731 Criminolis
712 656 772 728 tib
797 684 827 730 1.
843 683 976 758 capr.

53 771 92 865 S.
124 792 153 838 1.
181 764 382 881 importuna
423 788 538 833 comes
570 760 657 831 solet
686 785 757 831 esse
785 757 975 859 zelotypia,

53 868 251 968 suspiciosa
278 866 385 937 animi
374 862 580 963 dispositio
599 860 731 935 umbris
750 860 831 933 dare
851 890 977 961 corpus

58 974 192 1045 idonea
212 1026 336 1043 .....
364 986 398 1041 et
424 969 463 1041 in
490 984 642 1057 extrema
664 965 919 1064 desperationis
937 994 978 1040 ac

55 1074 191 1147 furoris
222 1068 358 1191 adigere
388 1088 511 1169 potens
538 1071 754 1169 quicumque
789 1070 980 1143 inconsulti

57 1176 257 1251 facilem
228 1204 261 1248 91
287 1176 443 1247 anirnum
471 1189 645 1273 prestant.
677 1172 810 1247 Testis
820 1170 979 1244 Radami-

59 1298 158 1368 stus,
189 1279 252 1378 qui
280 1306 350 1377 prae
380 1278 597 1375 suspicione,
621 1304 667 1347 ne
697 1276 855 1351 Zenobia
891 1302 980 1349 uxor

5 1386 6 1393 '
58 1406 268 1482 praegnans,
296 1398 330 1452 et
359 1381 485 1477 sugae
476 1406 608 1481 impar,
627 1400 733 1479 quam
757 1378 891 1477 perdite
922 1380 981 1482 de-

5 1550 7 1555 .
58 1486 222 1585 peribat,
249 1484 289 1557 in
306 1484 459 1557 hostium
485 1500 689 1581 potestatem
714 1482 870 1569 veniret,
888 1474 981 1553 tran·

65 1588 196 1675 sfodit,
227 1605 261 1659 et
290 1586 328 1657 in
360 1586 511 1659 Araxem
536 1585 776 1683 provolutavit.
814 1536 981 1684 111111119-

5 1702 8 1861 ι
62 1716 220 1788 cumque
245 1689 315 1761 sint
332 1685 572 1806 Zelotypiae
540 1717 630 1760 vrrcs
654 1688 897 1786 (prosequitur
915 1687 983 1760 lle·

5 1862 7 1891 ,
62 1793 189 1891 nazzi)
223 1792 437 1909 quicumque
465 1793 638 1890 impetus,
658 1818 734 1863 eam
753 1808 871 1863 tamen
889 1819 986 1863 aver-

5 1896 7 1979 ἐ
67 1913 170 1983 1919,
199 1911 304 1993 atque
335 1895 438 1966 etiam
466 1895 682 1989 restinguere
711 1893 879 1993 prudenti
910 1922 985 1967 non

5 1998 297 2101 impossibile,
316 1997 371 2070 vel
388 1996 477 2069 male
498 2024 581 2069 sano
601 2024 641 2068 ac
660 1996 843 2095 impotenti
862 1998 986 2086 amori,

5 2101 11 2197 1
5 2082 166 2173 unde
185 2100 391 2199 plerumque
413 2117 529 2172 ortum
546 2100 673 2188 habet,
692 2099 849 2172 sedulam
867 2126 988 2173 curam

6 2224 10 2323 ἰ.
63 2202 300 2290 adhibendo,
326 2203 382 2275 vel
411 2155 751 2291 anirnadrerterido,
781 2204 988 2304 zelotypiam

6 2328 8 2391 ι
65 2306 159 2378 mala
173 2333 280 2403 ,que
306 2306 345 2375 in
374 2321 512 2376 tantum
538 2305 660 2393 timet,
679 2305 881 2379 accelerare.
912 2308 987 2379 lrno

6 2406 142 2483 11919
175 2408 292 2479 omnia
318 2407 377 2477 irae
406 2407 581 2495 remedia,
605 2424 640 2480 et
668 2407 713 2479 ad
742 2408 920 2507 zelotypiae
938 2411 988 2481 af-

7 2490 182 2589 11911111
212 2508 451 2608 impediendos
481 2526 677 2608 comparata
704 2526 799 2581 sunt

7 2618 8 2632 ²
177 2616 214 2709 S
250 2639 306 2713 ¹7·
327 2612 461 2686 Odium
478 2613 583 2685 etiarn
600 2611 656 2684 vel
675 2611 913 2707 extinguetur,
933 2615 988 2686 vel

8 2752 10 2817 3
69 2718 275 2804 minuetur,
294 2715 323 2787 si
342 2716 498 2789 animum
515 2714 631 2815 quoad
657 2714 733 2786 fieri
762 2731 875 2811 potest
893 2742 989 2787 aver·

9 2836 10 2909 3
68 2838 185 2891 tamus
212 2820 255 2890 ab
285 2818 405 2890 alienae
424 2817 696 2919 imperfectionis
714 2817 791 2889 idea
803 2843 910 2916 ,quae
928 2835 987 2890 tae-

70 2924 131 2995 dio
160 2938 195 2993 et
224 2921 381 2993 molestia
406 2949 471 2993 nos
490 2950 509 2993 a
511 2922 620 3011 llicit,
648 2939 684 2994 et
709 2920 753 2993 ad
772 2948 812 2992 ea
832 2922 989 2993 conside·

70 3025 183 3097 randa
211 3025 429 3123 potissimum
459 3043 724 3113 convertamur,
754 3052 831 3124 quae
855 3024 894 3096 in
913 3025 986 3097 aliis

72 3130 168 3201 bona
196 3145 289 3201 sunt.

17 3327 21 3334 Ι
184 3233 218 3327 S.
244 3232 299 3306 18.
318 3228 515 3323 11111111111110ι
531 3230 684 3329 deniqne
702 3230 925 3329 impedietur,
944 3260 990 3305 ne

73 3335 113 3405 in
147 3333 314 3407 invidiam
346 3335 560 3431 degeneret,
596 3349 659 3406 seu
688 3335 831 3407 taedium
869 3336 990 3406 alienae

73 3436 269 3525 felicitatis,
297 3466 339 3511 ex
360 3465 401 3509 eo
428 3438 523 3536 quod
540 3437 600 3509 illa
627 3464 693 3511 nos
720 3465 836 3511 carere
856 3437 990 3531 judice·

12 3592 22 3641 3
75 3564 176 3626 mus,
206 3540 235 3611 si
257 3540 516 3613 consideremus
552 3568 600 3627 r.,
630 3540 714 3612 falsa
744 3538 991 3637 utplurimum

13 3716 14 3719 ,
78 3667 152 3713 esse
176 3641 310 3737 judicia
331 3644 375 3716 de
403 3642 517 3715 aliena
544 3642 731 3735 felicitate3
754 3668 788 3713 2.
806 3666 923 3713 reram
941 3643 990 3712 le·
