2384 4442
853 402 906 495 43

45 528 123 594 posta
136 518 166 575 di
181 518 326 595 particelle
348 519 377 575 di
396 520 444 577 eui
465 523 480 577 ὲ
495 520 593 599 ignota
606 522 634 580 la
648 524 860 599 proveniens,
880 526 917 584 ed
936 526 960 585 il

45 594 187 664 dominio,
209 596 237 651 al
278 595 340 653 nale
362 596 471 655 altrove
493 619 578 654 erano
595 613 738 675 suggette,
759 603 817 657 cosi
832 601 958 659 secondo

45 668 190 745 iprinoipj
218 617 293 727 (16116
320 691 394 749 pure
414 670 488 747 Ieggi
507 672 631 729 naturali
650 678 761 750 passer&
779 676 811 731 in
827 676 958 748 dominio

46 742 76 799 di
93 744 185 813 colui,
200 746 228 800 al
243 747 328 822 quale
347 737 368 802 il
383 746 470 803 fiume
487 750 501 803 ὲ
516 761 654 835 suggetto.
671 751 808 807 Cosieohe
825 772 853 806 se
867 752 889 807 11
903 752 959 809 fiu-

46 838 90 874 me
105 832 196 895 spetta
211 821 236 877 ai
251 821 357 899 privati
373 821 579 893 cit'tadini,da1
595 824 741 881 medesimi
755 827 960 902 proporziona·

46 906 166 951 umente
188 896 382 972 aequisterassi
400 896 418 951 1’
426 896 507 952 isola:
529 918 557 955 se
575 896 595 953 il
615 899 703 956 fiume
719 914 812 976 spetta
826 901 853 955 al
868 922 961 977 popo·

45 968 97 1038 lo,
120 968 167 1027 dal
187 970 341 1029 medesimo
365 972 559 1047 aequisterassi
584 972 603 1030 l'
617 973 700 1032 isola:
718 996 747 1031 se
765 974 815 1051 poi
835 974 856 1029 il
873 977 960 1033 fiume

43 1063 104 1101 non
126 1047 188 1102 sard
207 1060 337 1123 soggotto
351 1048 390 1103 ad
404 1046 488 1103 alcun
510 1048 639 1105 dominio
654 1049 673 1106 l’
681 1048 752 1107 isola
766 1051 828 1105 sard
840 1049 888 1105 del
923 1051 961 1106 ri·

45 1138 92 1175 mo
119 1135 285 1197 occupante.
302 1122 369 1181 Non
386 1124 459 1199 perd
480 1125 540 1181 eost
557 1124 704 1182 l’intesero
723 1124 763 1201 gli
781 1124 889 1181 antichi
901 1070 962 1182 110·

45 1194 141 1264 mani,'
159 1196 170 1250 i
189 1196 269 1272 quali
288 1216 349 1253 non
365 1218 450 1255 senza
465 1197 546 1273 gravi
561 1201 697 1256 contrasti
712 1201 754 1256 fra
770 1199 866 1256 Cassio
886 1202 962 1256 Lon·

44 1272 130 1347 3100,
152 1270 190 1327 ed
210 1271 221 1325 i
236 1271 416 1348 proculeiani
430 1272 614 1344 stabilimus,
641 1276 695 1333 ohe
719 1273 813 1331 l'isola
831 1287 899 1331 nato
913 1271 963 1332 nel

44 1346 133 1403 fiume
155 1346 178 1401 si
203 1347 371 1423 acquistssse
398 1347 444 1403 dai
469 1350 624 1424 possessori
648 1350 695 1406 dei
719 1350 801 1426 predj
818 1347 963 1408 61010181

46 1420 138 1478 stabili
158 1420 294 1497 adunque
315 1422 368 1479 che
384 1443 412 1477 se
429 1421 524 1479 l'isola
541 1444 590 1479 era
610 1424 711 1481 situata
730 1424 778 1481 nel
797 1439 897 1481 centro
913 1424 962 1498 de}

46 1496 147 1563 fiume,
189 1511 267 1553 uesta
282 1497 304 1552 si
318 1496 486 1574 acquistasse
499 1496 546 1551 dai
559 1499 683 1573 padroni
697 1498 821 1556 esisteuti
835 1498 961 1556 nell'una

46 1592 61 1627 e
87 1518 230 1628 00116111πο
251 1572 314 1649 ripa
340 1592 357 1629 a
376 1571 571 1649 proporzione
593 1573 658 1631 dell·
674 1574 851 1642 ostensione,
871 1596 886 1631 e
905 1574 962 1631 lar·

44 1646 155 1723 ghezza
182 1648 227 1704 de'
241 1647 322 1722 predj
345 1646 522 1723 riguardanti
545 1648 566 1705 il
590 1669 671 1705 corso
692 1649 739 1707 del
758 1650 865 1718 dume,
889 1670 906 1705 e
928 1649 962 1705 tiu

44 1735 102 1793 rate
121 1722 151 1777 le
166 1722 241 1782 linee
258 1722 353 1785 diritte
374 1742 389 1778 e
408 1721 544 1798 parallele
567 1723 615 1779 dal
634 1738 733 1781 centro
757 1724 908 1781 dell'isols.
924 1724 962 1792 Se

41 1797 92 1872 poi
106 1796 127 1851 l'
137 1798 205 1853 isola
223 1817 270 1853 era
285 1810 351 1855 nata
367 1810 440 1854 sotto
457 1795 478 1851 il
493 1810 591 1854 centro
612 1798 659 1854 del
674 1800 778 1868 dume,
798 1800 835 1855 ed
851 1810 962 1859 accosto

42 1872 79 1928 sd
103 1891 163 1929 una
188 1872 262 1929 delle
275 1873 348 1959 -ripe
373 1872 582 1938 decretas-ono,
613 1874 665 1929 che
688 1876 780 1949 quest'
794 1872 865 1930 isola
890 1874 963 1930 fosse

42 1947 89 2003 del
105 1948 236 2023 padrone
251 1946 279 2005 al
294 1948 325 2005 dr
337 1948 386 2007 eui
403 1946 506 2025 predio
527 1947 620 2005 vicino
640 1970 689 2005 era
707 1961 773 2005 nate
796 1947 891 2005 l'isolu
905 1967 964 2005 me·

45 2021 158 2079 desirns„
832 2072 835 2075 .

119 2098 154 2170 (3)
176 2096 282 2169 Quoad
303 2097 376 2155 alvei
402 2095 590 2159 mutationem
604 2096 628 2155 si
643 2098 739 2156 alveus
761 2096 912 2154 derelictus
925 2097 956 2153 in

41 2171 150 2236 nullius
164 2188 230 2231 ante
243 2173 378 2230 dominio
390 2172 458 2238 suit5
473 2171 520 2227 ille
536 2187 707 2259 non‘potest
721 2173 840 2240 ricinis,
855 2172 958 2229 utrim-

43 2266 101 2321 que
117 2249 225 2323 praedia
240 2248 347 2305 habent
361 2268 415 2334 pro
430 2246 515 2303 modo
532 2247 709 2325 praedsorum
725 2248 854 2323 acquiri,
869 2245 961 2312 0101-

42 2341 105 2377 sum
122 2337 162 2381 est
177 2322 389 2381 Jurisconsulns
403 2322 552 2389 Romanis,
569 2322 620 2379 sed
634 2323 702 2399 quia
718 2322 754 2379 de
770 2322 893 2379 fluminis
910 2320 971 2379 do-.

41 2396 131 2453 minio
152 2403 233 2473 cujus
252 2418 318 2473 pars
332 2406 374 2453 'est
389 2396 502 2466 alveus,
517 2398 581 2454 satis
596 2412 675 2455 certo
691 2412 819 2466 oenstat,
838 2399 886 2454 ille
900 2411 962 2451 tan·
1018 2443 1021 2448 .

40 2492 214 2549 quampars
229 2472 351 2531 fluminis
363 2470 491 2549 ejusdem
505 2472 578 2540 erit,
593 2476 674 2548 cujus
691 2474 799 2528 flumen
809 2472 965 2547 erit,que·

39 2547 230 2606 madmodum
246 2570 281 2605 ex
296 2548 395 2605 eadem
411 2546 521 2603 ratione
536 2566 629 2605 novus
648 2546 745 2603 alveus
759 2548 865 2602 iterum
879 2545 964 2604 dero-

40 2622 129 2680 lictus
153 2614 255 2699 procul
274 2623 363 2679 dubio
383 2640 444 2679 non
456 2620 554 2676 'minus
572 2634 669 2677 manet
687 2620 819 2695 priorum
835 2619 966 2677 domino·

41 2717 134 2765 rum,
165 2718 251 2775 quam
276 2718 345 2775 ager
372 2696 551 2764 inundatus,
573 2696 596 2751 si
619 2695 723 2753 deinde
743 2713 820 2768 aqua
845 2714 966 2752 recesse-

42 2773 91 2831 rit.
108 2773 221 2849 Agrum
235 2773 408 2830 inundatum
429 2770 452 2826 si
475 2769 619 2829 recesserit
633 2791 731 2846 aqua,
751 2772 811 2842 ejus
830 2787 945 2827 monere
957 2808 979 2839 ,.

43 2851 129 2923 cujus
146 2848 213 2917 fuit,
224 2846 503 2917 statuitJustinianus
516 2848 586 2901 Inst.
599 2848 633 2900 P.
640 2844 683 2915 24
697 2846 965 2903 Τιέ.ι161ἰεν.ὒίνὶ0.

42 2924 154 2979 Mirum
178 2932 249 2980 'ervo
286 2922 347 2979 uod
369 2924 418 2995 (S.
436 2920 506 2992 23.)
533 2926 637 2976 asserat
659 2917 773 2978 alveum
796 2918 969 2994 inundatum

42 3012 72 3055 et
88 2998 192 3057 denuo
228 2944 387 3067 6011101001,
403 3016 467 3053 non
483 2996 520 3053 ad
539 2995 689 3053 dominnm
704 2995 765 3071 egri
779 3014 865 3069 quem
884 2994 970 3053 inun-

43 3074 128 3134 davit
145 3076 196 3130 sed
217 3074 254 3130 ad
276 3074 361 3141 illos,
382 3072 434 3148 qui
447 3092 546 3149 prope·
558 3074 620 3157 ejus
640 3071 733 3146 ripam
753 3070 862 3147 praedia
882 3072 971 3147 possi-

42 3149 123 3207 dent.
143 3148 297 3225 pertinere.
326 3149 363 3204 At
387 3168 421 3203 ue
438 3168 471 3203 eo
490 3168 577 3222 magu
593 3145 775 3213 mirandum,
796 3146 878 3220 quod
891 3146 983 3224 apud.

39 3223 195 3281 Romanos
215 3224 287 3300 juris
309 3168 408 3299 regiila
424 3234 478 3289 est,
497 3248 510 3275 (ι
531 3222 562 3277 id
582 3221 675 3295 quod
687 3235 818 3278 nostrum
838 3234 895 3288 est,
912 3222 971 3280 sine

43 3301 126 3357 sacto
153 3312 253 3361 nostro
271 3298 331 3371 ‚ad
343 3298 432 3357 alium
454 3298 600 3355 transferri
620 3315 680 3355 non
697 3317 779 3375 posse
796 3320 819 3352 s.

99 3452 100 3455 ¹
158 3477 194 3571 3.
218 3500 302 3574 277.
334 3471 430 3569 Quid
447 3498 529 3545 vero
548 3472 739 3545 dicendum
756 3473 799 3544 de
820 3468 976 3544 Thesau-

44 3605 116 3669 r0,
148 3606 214 3651 seu
235 3578 278 3650 de
298 3575 406 3651 veteri
429 3576 643 3675 depositione
662 3575 846 3675 pecunie,
873 3570 976 3668 eujus
