2384 4442
216 466 259 515 12

111 600 115 603 -
156 546 313 641 digamus
332 544 486 617 viribus:
513 543 690 617 nascimur
708 546 804 618 omni
829 572 867 616 re
894 545 1051 620 destituti
1063 606 1080 639 ‚.

156 650 252 721 unde
269 648 467 745 indigemus
486 649 698 725 assistentia:
723 652 901 722 nascimur
919 652 1075 749 stupidi,

113 820 115 831 t
155 754 251 827 unde
271 753 468 849 indigemus
486 752 682 851 prudentia.
702 754 834 829 Totum
848 753 885 824 id
902 783 972 852 quo
993 784 1077 828 cum

155 858 333 929 nascimur
353 884 529 945 caremus,
540 874 575 929 et
592 885 669 957 quo.
683 886 777 956 opus
788 859 1076 958 habemus‚quod

156 990 239 1033 sane
258 962 410 1035 multum
430 977 503 1051 est,
526 962 633 1035 nobis,
647 962 861 1056 educatione·
874 962 1052 1034 donatur»
1067 1021 1075 1037 .

155 1065 326 1139 lllucatio
351 1083 490 1153 autem,
517 1083 558 1137 ut
584 1082 702 1165 patet,
728 1066 850 1139 haberi
867 1093 941 1137 non
963 1084 1077 1165 potest

154 1170 229 1241 siue
248 1187 455 1267 parentum,
473 1187 508 1243 et
526 1170 679 1242 filiorum
695 1170 868 1243 societate.
887 1170 962 1241 Imo
981 1170 1084 1243 idem.

154 1271 334 1346 Rousseau
352 1275 482 1373 inipso
495 1274 641 1347 librode
652 1280 794 1371 origine
814 1274 1077 1373 etfundomen-

155 1391 198 1449 to-
213 1384 464 1477 inoequalitatis
483 1383 577 1451 inter
595 1378 757 1449 homines
775 1378 898 1449 docete
918 1404 945 1448 1.
964 1380 1080 1475 perfe-

156 1479 397 1567 nubilitatem,
417 1508 485 1554 seux
505 1480 698 1577 potentiam
716 1509 752 1551 se
778 1479 984 1577 perficiendi
1004 1509 1084 1553 esse·

155 1584 310 1657 maxime
323 1583 530 1685 speeifieum
543 1582 693 1655 hominis
710 1611 729 1653 a
745 1582 863 1654 brutis>
874 1581 1077 1678 discrimen3

158 1714 190 1759 2.
208 1686 344 1759 homini
362 1715 382 1758 a
401 1704 525 1759 natura
543 1686 690 1761 insitum
708 1714 780 1758 esse
808 1685 962 1758 vividum
981 1713 1083 1757 eom-

152 1790 383 1866 miserationis
403 1818 558 1878 sensum‚
571 1791 633 1889 qui
651 1790 745 1862 solus
764 1790 913 1861 sufficiat
932 1790 975 1860 ad
995 1785 1079 1869 aum

96 1985 98 1989 Ι
155 1894 373 1970 avocandum
392 1897 441 1969 ab.
453 1896 583 1991 injuria
602 1895 677 1965 aliis
692 1894 876 1989 irroganda
888 1924 898 1986 3
912 1895 995 1966 3.(111
1011 1889 1086 1971 hae-

155 2026 228 2069 uua
254 1999 418 2097 qualitate
446 1997 588 2070 sociales
620 2025 739 2068 omnes
765 1998 918 2068 virtutes.
939 1998 1077 2085 fluere,
1153 2083 1156 2108 Ἴ

154 2101 474 2195 magnanimitatem
491 2158 499 2189 ‚
529 2100 774 2187 clementiam,
802 2100 1078 2188 humanitatem,

95 2210 97 2214 ’
155 2203 447 2291 benevolentiam,
457 2204 644 2276 amicitiam
664 2207 950 2296 ete.;4.naturam
968 2205 1088 2277 homi--

156 2309 201 2379 ni
214 2308 348 2379 dedisse
367 2308 520 2383 virtutes.
544 2335 673 2380 omnes.
695 2307 837 2379 sociales
856 2308 894 2377 in
913 2308 1077 2405 potentia.

157 2411 454 2506 Quorsusautem
472 2412 546 2483 haee
567 2412 706 2499 omnia,
726 2411 800 2486 nisi,
813 2428 853 2481 ut
872 2412 976 2484 homo
998 2438 1080 2484 eum

157 2516 230 2585 aliis
249 2516 452 2593 hominibus,
468 2506 593 2587 habeat
612 2514 988 2613 societatem‚ide0que
1007 2542 1087 2585 me·-

156 2619 225 2691 rito
244 2618 380 2694 dicatur
399 2620 603 2697 naturaliter
622 2619 793 2691 sociabilis
805 2619 831 2690 P·

262 2726 297 2820 S.
317 2726 401 2797 233.
421 2724 506 2797 Nee·
519 2724 614 2795 dieat-
630 2722 839 2794 Rousseau«
851 2722 1030 2794 hominem
1046 2751 1090 2793 e·-

159 2828 242 2897 tiam
261 2827 298 2897 in
318 2844 412 2899 statu,
429 2828 574 2900 silvestri
594 2843 628 2898 et
645 2825 812 2904 belluino.
826 2827 986 2897 sociabile
1006 2826 1090 2896 ani·
1188 2847 1189 2880 1

156 2930 226 3001 mal
246 2930 320 3001 diei
334 2931 512 3027 potuisse,
533 2930 620 3027 quia,
633 2930 828 3004 libertatem
845 2930 1018 3015 hahebat,
1038 2945 1079 2999 ut
1128 2923 1132 2933 ⁸
1188 2921 1190 2934 ι

158 3062 194 3105 se
214 3034 420 3130 perficeret,
441 3061 480 3103 ae
501 3034 701 3107 societatem
731 3060 820 3104 cum·
831 3032 913 3101 aliis
930 3031 1089 3102 homini-

159 3136 226 3207 bus
253 3134 358 3236 iniret
380 3167 421 3212 ».¹
438 3136 529 3209 Nam
547 3136 635 3209 loeo.
657 3136 768 3208 citato,
790 3135 914 3218 diserte
945 3134 1048 3209 docet
1071 3192 1080 3222 ‚

160 3239 406 3315 hominemex.
421 3239 580 3313 instituto
600 3257 734 3315 naturae
752 3239 808 3311 sic·
820 3266 892 3309 esse
913 3240 1079 3311 constitu-

160 3360 238 3415 tum
251 3401 266 3431 ‚.
290 3360 330 3415 ut
357 3342 542 3417 solitariam
569 3361 646 3439 agat
671 3344 797 3428 vitam,
818 3358 856 3412 et
870 3342 1012 3415 nonnisi
1039 3372 1081 3415 ex

53 3444 56 3449 ¹
109 3490 112 3497 ·
161 3448 312 3521 fortuito.
337 3474 519 3530 concursu,
542 3449 740 3519 multarum:
762 3472 951 3520 causarum,
971 3463 1092 3519 extra-
1130 3474 1132 3476 ’

144 3542 308 3626 aearum
327 3550 369 3625 in*¹
385 3552 584 3626 societatem
615 3548 834 3632 conuenisse.
862 3550 906 3621 Et
924 3552 1090 3649 quamvis.
1188 3587 1189 3596 ¹

159 3654 206 3728 ini
224 3654 371 3731 homme.
396 3655 720 3757 perfectibilitatenu
741 3672 926 3753 agnoscat,
957 3672 991 3727 et
1018 3680 1090 3753 peu

167 3957 170 3963 .
233 3933 242 3960 l
