2384 4442
683 457 689 465 -
891 437 943 480 ι.-

148 511 184 609 3.
205 515 290 612 274
309 509 410 586 Alter
426 511 550 586 modus
568 511 713 588 dominii
737 413 961 613 eompaiandi

33 632 91 688 est
101 615 278 704 accessio,
294 641 373 715 quae
384 617 614 690 communiter
626 618 788 694 definitur
801 647 839 694 :a
862 620 958 695 Unio

36 718 97 792 vel
115 717 391 816 adjectiounius
414 719 466 792 rei
484 720 528 792 ad
546 719 670 810 aliam,
695 721 730 794 ri
749 722 849 818 eujus
875 749 959 820 prae-

41 822 157 919 eipuae
182 821 287 920 partis
314 821 476 896 dominus
502 823 541 895 fit
560 822 665 896 etiam
691 823 852 896 dominus
877 823 960 898 alte·
1006 873 1007 876 =
1055 819 1063 834 ’

35 924 174 998 muso:
199 924 295 1042 quod
313 941 429 997 tamen
452 925 746 1022 intelligendum,
770 925 799 998 si
817 951 871 998 res
896 928 960 998 mi·

32 1053 111 1100 nus
129 1027 303 1143 precipua
321 1027 376 1101 rel
394 1028 526 1101 nullius
544 1028 651 1102 fuerit
670 1043 749 1101 ante
769 1026 960 1117 unionem,

35 1127 98 1202 vel
122 1155 143 1201 a
170 1129 344 1228 praeeipua
371 1130 446 1203 sine
473 1131 683 1203 detrimento
710 1129 859 1228 separari
887 1157 960 1202 nou

34 1231 159 1332 possit
174 1231 214 1305 Si
232 1233 327 1306 enim
337 1233 466 1352 absque
477 1233 677 1306 alterutrius
689 1233 823 1305 domini
833 1232 960 1306 damno

33 1334 212 1434 separatio
238 1335 314 1408 lieri
331 1337 462 1433 possit,
492 1337 669 1411 utorium
694 1335 733 1408 in
759 1362 833 1409 uno
858 1361 960 1432 grege

31 1437 312 1537 pennixtarum,
342 1456 489 1539 uterque
519 1439 643 1538 procul
672 1438 779 1514 dubio
811 1437 961 1512 reisue

35 1539 241 1614 dominium
258 1558 376 1614 serrat.

147 1645 182 1739 ἓ.
202 1641 286 1742 275.
304 1640 384 1718 Jam
400 1671 482 1717 vero
500 1641 632 1742 aliquid
648 1644 699 1718 rei
716 1657 842 1716 nostre
861 1669 959 1718 aree·
1002 1738 1004 1742 Ι

31 1748 255 1843 dere-potest
271 1745 327 1818 rel
345 1763 517 1845 quatenus
536 1747 580 1818 ab
600 1773 639 1818 ea
659 1745 862 1818 naturaliter
879 1771 960 1843 pro·
1026 1784 1030 1790 ·

33 1849 213 1935 ducitur,
230 1847 285 1921 vel
314 1876 358 1922 er
375 1868 466 1921 casu·
481 1847 631 1920 fortuita
648 1848 777 1946 absque
807 1847 880 1920 ullo
899 1847 962 1920 lto·

30 1953 180 2023 minum
197 1903 314 2038 lacto,
333 1950 388 2024 rel
407 1978 449 2022 ex
467 1951 560 2023 lacto
576 1967 719 2036 nostro,
742 1966 803 2020 aut
821 1949 962 2038 aliano,

31 2055 88 2150 rel
110 2053 268 2151 denique
287 2053 412 2151 partim
429 2052 660 2140 naturaliter,
690 2051 816 2150 qartlm
834 2079 876 2124 ex
898 2041 961 2126 ho·

32 2158 179 2229 minum
205 2155 306 2228 laeto.
332 2155 433 2228 Prior
451 2148 610 2229 accessio
624 2109 753 2228 dieitur
771 2153 960 2242 naturalis,

33 2258 196 2331 secunda
235 2257 404 2342 casualis,
434 2258 536 2331 tertia
568 2258 672 2330 indus
659 2257 806 2345 trialis,
837 2270 959 2355 quarta

32 2363 155 2436 mixta.
177 2358 236 2432 Ad
255 2360 405 2458 priorem
423 2389 485 2434 seu
503 2360 698 2433 naturalem
724 2359 866 2431 classem
883 2383 961 2457 per·

35 2466 157 2537 tinent
176 2462 322 2552 haerbae,
340 2465 479 2537 arbores
491 2464 678 2551 ,lructuS,
702 2490 788 2560 quos
807 2460 879 2557 agri
898 2485 962 2532 no·

33 2570 99 2640 stri
119 2580 246 2664 sponte
264 2567 546 2663 progerminant,
564 2565 718 2662 itemque
734 2589 831 2634 rene
841 2561 963 2634 metal-

32 2672 147 2754 lieae,
174 2666 393 2766 lapidicinae,
413 2667 601 2754 arenariae,
628 2682 711 2759 ete;
726 2691 777 2738 ae
807 2662 959 2761 denique

33 2786 244 2846 nostrorum
265 2769 468 2844 animalium
490 2771 639 2855 foetura,
666 2723 811 2840 etiamsi
815 2791 887 2838 mas
916 2765 962 2837 sit

9 2888 10 2893 ’
34 2875 204 2959 alienus,
232 2899 303 2974 quo
321 2889 440 2946 tamen
469 2871 549 2945 <lata
568 2897 672 2970 opera
700 2871 753 2943 uti
771 2869 814 2942 ad
844 2872 962 2944 nostra

34 2974 200 3050 soeminei
227 3001 330 3048 sexus
355 2975 516 3049 animalia
537 2973 759 3048 fecundanda
785 2973 881 3046 nefas
911 2988 963 3044 est

36 3081 120 3166 sine
150 3077 284 3150 domini
302 3104 501 3166 consensu,
531 3094 565 3150 et
583 3078 612 3148 si
641 3094 805 3164 utamur,
832 3075 963 3175 aliquid

36 3182 138 3253 illius
157 3179 299 3252 domino
318 3208 381 3280 pro
401 3209 467 3256 usu
478 3179 768 3279 rependendum
788 3207 861 3252 non
881 3205 962 3250 vero

37 3286 151 3360 foetus
174 3309 238 3380 pro
265 3283 389 3382 equali
412 3300 509 3383 parte
527 3283 619 3356 inter
637 3301 824 3382 utrumque
852 3279 963 3352 domi·
970 3305 973 3312 “

36 3413 133 3460 ιιιιιιι
152 3383 358 3460 dividendus
384 3414 412 3460 ι.
431 3386 514 3486 quia
530 3401 616 3458 teste
633 3385 817 3471 Aristotele
836 3381 917 3454 Lib.
933 3405 964 3451 2.

39 3491 87 3563 de
98 3489 269 3562 Generat
276 3493 497 3564 animalium:
488 3489 625 3560 ·afoetui
642 3489 819 3560 materiam
837 3481 967 3581 praebet

41 3593 215 3680 stemma,
233 3617 305 3666 mas
323 3619 405 3666 vero
423 3593 528 3668 unice
547 3590 708 3665 motionis
728 3584 966 3689 principium,
