2384 4442
285 418 332 489 30

221 518 339 591 dentia
358 519 508 593 filiorum
526 552 545 595 a
563 524 790 621 parentibus,
816 540 850 595 et
869 522 986 595 uxoris
1005 550 1026 593 a
1043 524 1140 611 viro,

221 620 264 693 de
284 622 411 721 quibus
429 624 538 714 infra,
562 627 681 727 (quod
699 643 816 699 tamen
834 627 891 724 jus
910 626 988 724 plus
1007 626 1140 698 minus·

219 750 261 795 ve
279 726 441 823 restringi
462 757 559 827 posse
578 733 652 829 jam
680 736 692 829 (
704 734 741 827 3.
762 729 870 829 246.)
899 730 1079 817 vidimus,
1106 747 1139 801 et

219 842 300 915 aptu
320 829 363 900 ad
383 856 606 905 communem
626 834 772 907 humani
786 832 923 930 generis
939 833 1140 919 utilitatem,

218 930 345 1027 partim
372 960 414 1005 ex
440 933 531 1023 Dei,
560 938 686 1036 partim
704 965 747 1009 ex
775 937 931 1035 ipsorum
954 936 1139 1009 hominum

135 1123 137 1129 ,
219 1033 396 1107 voluntate
415 1039 614 1113 restrictum
632 1059 692 1115 est.

326 1140 362 1235 3.
384 1139 469 1214 262.
489 1141 541 1215 Ex
559 1145 715 1243 perfecto
732 1141 839 1239 igitur
857 1156 894 1213 et
910 1139 1069 1212 absoluto
1090 1142 1142 1213 of-

219 1239 299 1313 ficio
318 1244 468 1315 naturali
486 1272 589 1318 nemo
609 1247 647 1318 in
670 1246 789 1346 primis
806 1242 985 1315 laedendus
1004 1242 1139 1315 ratione

218 1342 295 1414 vitae
314 1344 368 1416 vel
387 1346 651 1447 directe2ipsum
684 1351 798 1436 ferro,
817 1373 953 1419 veneno
972 1363 1037 1418 etc
1049 1347 1142 1418 occi·
1185 1369 1186 1428 t

220 1444 359 1533 dend0,
388 1445 443 1519 vel
463 1451 565 1522 etiam
582 1452 753 1522 indirecte
772 1449 838 1547 ipsi
855 1448 1059 1546 abripiendo
1078 1448 1142 1520 ali·
1185 1451 1186 1522 i

220 1563 389 1637 menta,et
410 1568 520 1625 vestes
538 1554 582 1625 ad
599 1554 678 1625 vitae
702 1552 1000 1625 conservationem
1018 1577 1142 1624 neces·

218 1649 330 1723 sarias.
358 1652 472 1727 Nemo
494 1682 525 1729 2.
553 1654 733 1728 laedendus
751 1656 886 1727 ratione
914 1654 1139 1741 intellectus,

218 1768 253 1823 et
271 1752 482 1847 voluntatis,
501 1786 692 1838 seutnemo
710 1757 925 1845 mendaciis,
953 1775 994 1829 et.
1005 1758 1142 1857 sophis·

219 1854 368 1930 metibus
379 1858 417 1929 in
438 1888 590 1937 errorem
600 1861 842 1949 inducendus,
861 1860 1034 1933 averitate
1048 1889 1145 1935 aver·

216 1958 367 2048 tendus,
388 1956 626 2061 'praejudicatis
653 1964 877 2063 opinionibus
902 1964 1143 2051 imbuendus,

219 2060 399 2161 multoque
433 2066 551 2141 minus
579 2068 690 2165 pravis
725 2065 925 2153 doctrinis,
954 2066 1141 2154 consiliis,

220 2164 384 2262 exemplis
403 2194 423 2239 a
441 2168 569 2242 virtute
587 2169 838 2258 retrahendus,
858 2186 893 2242 et
911 2169 955 2240 ad
966 2169 1054 2241 vitia-
1065 2169 1144 2241 atti-
1186 2251 1187 2258 ἵ

221 2267 376 2341 ciendus.
405 2268 519 2344 Nemo
542 2274 574 2347 3.
591 2272 771 2345 laedendus
788 2273 922 2345 ratione
941 2270 1144 2369 pudicitiae,
1186 2281 1187 2354 ξ

219 2371 288 2445 sive
308 2373 481 2472 pervim,
500 2374 569 2447 sive
588 2404 651 2475 per
668 2374 985 2463 blanditias,dona,
1003 2399 1144 2471 preces,
1186 2375 1187 2382 '

217 2475 353 2577 aliaque
379 2476 579 2575 passionum
607 2478 837 2551 irritamenta.
873 2476 987 2549 Nemo
1018 2479 1053 2569 4.
1080 2475 1142 2547 lae·
1186 2559 1187 2578 ,

220 2580 358 2653 dendus
387 2580 522 2654 ratione
551 2582 732 2681 corporis,
762 2608 823 2653 seu
854 2606 958 2651 nemo
987 2578 1155 2651 vulneri»-

219 2685 312 2773 bus,
332 2685 537 2774 tormentis,
560 2685 787 2771 verberibus,
806 2683 919 2769 fame,
937 2680 993 2753 vel
1011 2681 1069 2752 siti
1089 2680 1149 2753 in·
1186 2757 1187 2768 ,

218 2789 309 2885 juste
340 2787 556 2862 afficiendus.
595 2788 709 2861 Nemo
737 2785 770 2860 5.
796 2782 975 2857 laedendus
1001 2783 1146 2858 ratione

220 2893 387 2967 libertatis
401 2947 410 2980 ,
422 2920 484 2965 seu
503 2918 608 2963 nemo
627 2888 782 2962 indebite
800 2887 949 2960 vinculis
966 2887 1145 2960 constrin-

220 2995 382 3092 gendus,
407 2995 462 3067 vel
492 2994 535 3067 ad
563 2993 754 3065 indebitam
783 2990 1055 3091 dependentiam
1085 3017 1150 3063 co-

222 3096 378 3195 gendus.
406 3096 520 3169 Nemo
550 3096 583 3170 6.
612 3095 791 3169 laedendus
817 3094 952 3167 ratione
981 3094 1149 3181 honoris,

223 3198 508 3287 existimationis,
536 3216 571 3273 et
599 3201 698 3278 fame
728 3198 799 3271 sive
825 3196 962 3284 verbis,
992 3222 1070 3294 quae
1090 3196 1151 3271 rel

225 3303 457 3390 calumniam,
484 3302 539 3375 vel
567 3301 846 3389 contumeliam,
873 3298 929 3373 vel
959 3297 1149 3371 detractio·
1185 3321 1187 3354 t

226 3436 309 3483 nem
336 3421 486 3492 sonent,
513 3405 582 3478 sive
617 3406 742 3491 factis,
769 3419 805 3474 et
834 3396 1012 3499 gestibus,
1045 3401 1151 3477 unde

228 3510 368 3586 alterius
385 3525 606 3607 contemptus
623 3525 659 3580 et
682 3505 794 3579 irrisio
819 3506 1053 3601 dignoscatur.
1074 3504 1152 3577 Nc·

221 3641 279 3689 mo
308 3645 338 3717 7.
367 3612 545 3689 ledendus
564 3612 699 3684 ratione
725 3610 906 3682 honorum'
931 3606 1084 3679 fortunae
1104 3608 1153 3679 si-
