2384 4442
810 422 881 516 143

37 522 236 620 desperatio,
258 538 291 593 et
318 520 460 593 audacia
488 523 579 596 circa
597 526 730 598 bonum
750 544 783 597 et
804 527 935 598 malum

36 624 334 695 indiscriminatim.
368 624 549 723 Siquidem
580 628 714 722 objecta
744 628 857 725 specie
882 628 934 699 rei

35 728 122 798 bouae
134 754 269 826 ,quam
290 726 423 799 scilicet
440 729 540 801 nobis
559 731 824 803 convenientem
842 730 935 825 judi·

36 855 161 915 carnus,
194 830 346 927 primum
374 830 412 901 in
442 831 596 949 appetitu
619 831 781 904 sensitivo
809 834 935 905 cxcita-

36 949 84 1003 tur
108 958 201 1003 amor
228 931 320 1004 illius
343 960 404 1005 seu
428 934 632 1033 propensio,
660 952 694 1007 et
720 934 816 1006 nisus
835 934 941 1004 inil-

36 1033 114 1127 lam3
136 1060 166 1106 2.
186 1063 214 1105 s1
204 1035 366 1106 bonum
396 1054 547 1109 amatum
566 1038 610 1109 sit
631 1065 802 1137 praesens,
822 1063 933 1133 eoque

37 1094 198 1225 fruamur,
228 1138 396 1208 excitatur
423 1140 607 1233 gaudium,
634 1141 704 1212 sive
735 1138 935 1231 delectati03

42 1240 68 1309 3.
93 1240 118 1309 si
146 1240 282 1314 bonurn
320 1258 472 1311 amatum
508 1243 551 1313 sit
586 1244 730 1329 absens,
767 1242 936 1313 excitatur

41 1340 183 1437 ejusdem
201 1340 435 1429 desiderium,
456 1345 523 1416 sive
545 1345 714 1442 cupiditas
733 1344 821 1415 illud
848 1343 935 1414 obti-

40 1444 152 1531 nendi,
181 1472 292 1544 eoque
312 1446 461 1519 fruendi.
481 1447 649 1519 Similiter
667 1448 803 1544 objecta
821 1446 935 1543 specie

40 1546 86 1615 rei
111 1548 226 1633 malae,
257 1574 361 1644 quam
390 1548 522 1623 scilicet
551 1552 652 1623 uobis
686 1552 848 1636 noxiam,
875 1565 936 1619 aut

41 1648 203 1721 molestam
223 1650 442 1746 judicamus,
461 1653 612 1770 primum
630 1654 668 1724 in
687 1654 840 1750 appetitu
859 1679 937 1723 sen·

43 1751 126 1823 sitivo
155 1753 325 1824 excitatur
355 1754 474 1828 odium
492 1754 601 1827 amori
630 1756 855 1840 contrarium,
875 1781 937 1825 scu

43 1853 186 1927 alienatio
220 1883 238 1925 a
267 1882 304 1925 re
333 1856 414 1951 illa3
448 1884 479 1929 2.
504 1858 533 1929 si
562 1858 691 1929 malum
704 1856 828 1958 ,quod
858 1856 938 1927 odio

42 1956 197 2045 babetur,
230 1958 271 2029 sit
289 1916 460 2075 praesebs,
479 1960 637 2058 illudque
666 1955 855 2057 patiamur,
883 1985 942 2029 cx<

45 2058 158 2132 citatur
186 2060 346 2149 tristitia,
377 2090 438 2133 seu
469 2062 567 2133 dolor
598 2062 750 2157 gaudio,
781 2077 815 2132 et
845 2059 937 2130 dele-

44 2163 172 2235 ctationi
200 2118 397 2261 oppositirs,
416 2164 587 2265 simulque
606 2192 776 2236 nonnam
795 2164 859 2249 ira,
879 2190 940 2234 seu

44 2265 137 2337 animi
173 2267 277 2339 ardor
314 2268 357 2338 ad
395 2268 526 2338 malum
570 2268 658 2339 illud
696 2266 942 2365 expellendum

43 2370 304 2467 sumendamque
331 2370 543 2463 vindictam3
573 2371 708 2442 sivero
741 2371 871 2440 malum
898 2370 942 2440 sit

45 2471 175 2559 absens,
198 2474 367 2543 excitatur
391 2474 472 2569 suga
492 2473 662 2544 desiderio
690 2472 880 2556 contraria,
900 2471 944 2542 si·

44 2575 174 2673 mulque
207 2602 279 2646 non
308 2600 385 2647 raro
415 2578 539 2661 timor,
571 2603 632 2647 seu
651 2574 776 2644 mentis
794 2574 942 2669 trepida-

45 2676 85 2746 tio
114 2706 154 2749 ex
183 2678 456 2749 consideratione
476 2676 688 2750 difficultatis
707 2676 837 2747 malum
854 2674 943 2749 illud

45 2780 237 2875 repellendi.
265 2779 430 2878 Denique
458 2809 533 2877 spes
566 2780 675 2853 oritur
713 2806 755 2849 cx
785 2779 943 2850 conside-

45 2882 168 2965 ratione
197 2883 301 2970 boni,
330 2884 424 2981 quod
445 2885 626 2970 obtinere,
645 2899 706 2953 aut
723 2881 829 2968 mali,
848 2881 944 2980 quod

45 2983 142 3057 vitare
170 3013 235 3057 nos
264 3012 360 3083 posse
400 2986 624 3085 probabiliter
649 2984 876 3082 judicamus,
912 3000 947 3057 et

45 3087 186 3159 vicissim
206 3088 397 3185 desperatio
409 3109 449 3159 cx
462 3089 737 3162 consideratione
755 3088 841 3158 boni
851 3087 948 3187 quod

48 3189 220 3277 obtinere,
239 3208 300 3261 aut
318 3190 399 3262 mali
419 3192 514 3289 quod
533 3192 640 3262 vitare
664 3190 865 3263 nullatenus
883 3218 947 3263 nos

46 3317 135 3386 posse
163 3294 378 3365 arbitramur.
409 3294 461 3366 Ex
492 3321 550 3392 spe
590 3310 706 3366 autem
734 3321 808 3365 non
844 3294 949 3365 semel

49 3396 210 3467 excitatur
237 3396 402 3483 audacia,
431 3422 491 3467 seu
522 3396 629 3467 animi
654 3414 797 3469 conatus
824 3396 878 3466 vel
904 3394 948 3464 ad
1027 3427 1031 3432 ’

49 3498 313 3597 comparandum
338 3500 471 3569 bonum
499 3499 669 3595 acquisitu
697 3497 866 3584 difficile,
895 3495 950 3567 vel

49 3600 86 3670 ad
112 3600 353 3699 repellendum
381 3601 512 3673 malum
531 3603 639 3674 vitatu
665 3602 816 3672 difficile.
