2384 4442
276 468 327 517 πα

188 544 191 549 ’
221 547 348 619 amoris
368 546 523 618 effectus.
535 544 694 619 Primum
712 564 794 641 ergo
805 544 962 618 naturale
982 546 1142 621 officium

223 650 266 720 ab
285 650 426 721 homine
445 650 565 747 quovis
592 676 672 743 erga
690 648 774 720 alios
792 649 1026 747 praestandum
1049 651 1141 723 illud
1182 655 1183 658 ’

220 751 337 848 ipsum
356 769 427 839 est,
458 752 551 849 quod
573 750 732 825 Christus
751 751 789 822 in
809 752 995 848 Evangelio
1014 780 1141 826 secun·

223 854 310 925 dum
327 853 411 949 legis
430 855 633 927 mandatum
652 881 725 925 esse
744 854 857 941 dixit,
882 871 917 925 et
933 855 1046 927 verbis
1066 857 1141 928 istis

223 957 406 1055 expressit:
422 988 438 1025 α
465 955 599 1053 Diliges
629 956 826 1056 proximum
853 974 958 1029 tuum
986 958 1078 1030 sicut
1105 977 1141 1030 te

222 1086 338 1156 1psum
350 1090 385 1131 u.

325 1166 360 1259 §.
383 1160 468 1237 250.
487 1162 539 1236 Ex
557 1164 753 1236 hocautcm
771 1165 983 1236 fontencmo
1003 1165 1077 1235 nori
1088 1166 1138 1236 vi·

220 1262 541 1361 det,vulgatissima
561 1266 620 1337 illa
637 1266 991 1365 manare-principia:
1010 1297 1026 1334 (ι
1041 1268 1138 1365 quod

219 1366 284 1439 tibi
301 1368 352 1438 vis
371 1369 471 1455 lieri,
498 1371 552 1441 lac
573 1388 608 1441 et
625 1370 749 1444 alteri:
777 1369 873 1468 quod
903 1368 968 1438 tibi
986 1395 1061 1439 non
1087 1371 1138 1442 vis

220 1468 422 1556 fieri,alteri
440 1497 485 1542 ne
506 1472 650 1545 feceris:
671 1473 729 1569 jus
747 1498 851 1544 suum
868 1470 996 1569 cuique
1016 1472 1139 1544 tribui·-

218 1586 277 1643 to:
303 1573 481 1644 neminem
499 1574 609 1667 laede3
640 1590 675 1645 et
694 1575 721 1645 si
748 1574 863 1647 laesisti
880 1573 1058 1646 laesionem
1084 1603 1139 1648 re·

217 1699 300 1770 para
312 1706 326 1741 u
344 1731 352 1763 ,
373 1704 450 1773 quae
473 1678 630 1775 profecto
649 1704 818 1749 summam
837 1677 1059 1749 constituunt
1078 1706 1139 1749 ua·

218 1776 384 1848 turalium
404 1781 562 1851 omniurn
586 1780 807 1868 officiorum,
834 1780 983 1879 ideoque
1014 1779 1139 1854 sedulo

216 1880 355 1951 anobis
376 1882 591 1954 enucleanda
610 1901 718 1971 sunt,
739 1901 773 1955 et
791 1882 1025 1981 peculiaribus
1052 1889 1140 1957 casi-

215 1979 282 2051 bus
311 1985 559 2057 convenienter
578 1986 737 2082 aptanda.
768 1986 827 2058 Ad
844 1986 997 2083 primum
1025 1986 1139 2059 elau·

217 2082 303 2153 datis
328 2085 506 2184 principiis
525 2088 648 2159 reduci
675 2088 858 2160 commode
877 2105 1024 2185 possunt
1054 2116 1138 2162 cum
1182 2101 1184 2180 l

216 2183 425 2260 Marchione
458 2189 599 2288 Aloysio
631 2190 775 2266 Andrea
810 2190 854 2262 de
887 2190 991 2288 Sylva
1027 2193 1135 2265 Com·

215 2303 363 2363 mentor.
383 2296 420 2365 in
438 2292 551 2369 Libro
577 2320 607 2367 1.
628 2294 724 2366 Tull.
742 2295 787 2366 de
819 2292 958 2394 Officiis
984 2294 1078 2395 Cap.
1101 2298 1135 2368 3.

217 2388 345 2463 Officia
375 2422 453 2491 erga
472 2395 580 2483 alios,
612 2423 737 2496 quasa
770 2396 897 2469 Stoicis
927 2395 1136 2470 dicebantur
1181 2443 1182 2450 κ

214 2493 329 2565 media
359 2524 420 2569 seu
441 2500 665 2587 communia,
694 2526 794 2571 nunc
823 2494 941 2571 autem
958 2500 1063 2597 vulgo
1082 2502 1134 2572 di-

214 2612 345 2670 cuntur
375 2600 601 2699 imperfecta,
629 2603 673 2675 de
703 2603 830 2703 quibus
858 2602 989 2675 hocin
1019 2604 1133 2701 capite
1181 2585 1182 2676 l

213 2700 409 2795 agendum:
429 2704 472 2777 ad
490 2706 680 2803 posteriora
697 2733 779 2777 vero
789 2705 959 2803 principia
979 2731 1132 2779 cumeo-

211 2801 291 2873 dem
310 2805 353 2877 de
368 2806 472 2903 Sylva
482 2810 605 2882 reduci
615 2826 760 2908 possunt
778 2807 893 2880 officia
904 2823 980 2880 tum
998 2836 1019 2880 a
1038 2808 1131 2882 Stoi·
1180 2871 1181 2882 ,

213 2905 283 2992 cis,
304 2934 423 2980 cuma
447 2913 700 2985 recentioribus
726 2913 880 3010 perlecta
898 2930 1131 3010 nuncupata,
1180 2919 1181 2954 l

211 3032 289 3103 quae
308 3009 473 3110 deinceps
489 3041 713 3113 exponemus.

313 3113 348 3207 §-
371 3112 457 3187 251.
476 3118 666 3191 Naturalia
683 3116 797 3190 officia
822 3117 1026 3217 imperfecta
1043 3144 1127 3216 erga

206 3209 289 3283 alios
308 3214 466 3289 homines
496 3220 716 3320 adimplenda
732 3222 771 3293 in
791 3220 876 3293 duas
895 3222 1017 3293 classes
1034 3221 1125 3294 divi·

205 3313 350 3391 duntur.
369 3319 435 3393 Vel
455 3323 549 3395 euim
573 3325 648 3397 sine
671 3324 891 3422 adimplentis
909 3323 1123 3398 detrimento
1179 3353 1180 3374 ³

202 3436 434 3514 prestantur,
454 3441 493 3497 ut
513 3445 686 3500 errantem
704 3428 742 3499 in
760 3427 852 3499 viam
874 3453 1058 3515 revocare,
1079 3429 1126 3501 si-

94 3574 96 3579 .
202 3520 303 3593 tienti
321 3554 444 3627 aquam
464 3532 639 3628 praebere,
665 3530 839 3626 algentem
863 3530 1018 3628 apposito
1036 3531 1124 3625 igne
1179 3623 1180 3634 p

203 3624 340 3719 fovere,
360 3631 531 3709 afflictum
549 3634 740 3721 consolari,
758 3649 939 3733 petentem
956 3632 1127 3730 adjuvare
1179 3639 1180 3646 ’
