2384 4442
290 470 310 514 2

234 560 286 619 tos
307 446 378 617 eliae
398 540 502 613 tradit
513 568 554 633 »3
575 538 728 638 indeque
752 535 878 610 subdit
892 564 901 611 ι
913 567 929 605 ι
938 534 982 609 ln
1008 535 1076 608 boc
1094 562 1152 607 na·

232 664 348 719 turam
374 646 540 719 debemus
567 642 696 715 ducem
725 639 860 741 sequi,
888 656 924 713 et
952 666 1151 712 communes

232 751 397 823 utilitates
417 749 455 819 in
474 746 630 819 medium
647 746 793 833 afferre,
810 742 1005 817 mutatione
1024 743 1153 815 officio·

235 880 316 925 rum
342 850 458 925 dando
482 906 492 939 ,
519 849 751 946 accipiendo,
777 864 855 920 tum
883 847 1014 919 artibus
1043 902 1053 934 ‚
1078 862 1153 919 tum

237 984 364 1054 opera,
402 971 480 1027 tum
506 953 730 1026 facultatibus
763 950 940 1025 devincire
974 948 1155 1022 bominum
1186 959 1187 964 ’

233 1059 325 1133 inter
343 1088 378 1131 se
398 1058 597 1131 societatem
608 1087 645 1129 ιι.

337 1160 479 1259 3253.
519 1158 787 1234 Advertendum
820 1175 972 1244 tamen,
1001 1154 1151 1254 quod
1127 1184 1154 1227 ιι

233 1265 354 1364 plures
385 1264 508 1337 eodem
533 1281 688 1361 tempore
716 1290 782 1362 ope
808 1277 926 1335 nostra
952 1259 1155 1355 indigeant
1186 1259 1187 1322 ι

232 1396 301 1441 nec
321 1369 483 1439 omnibus
509 1367 741 1454 benefacere,
768 1391 809 1437 ac
837 1362 1021 1436 subvenire
1049 1363 1154 1461 possi-

232 1498 311 1542 mus
329 1471 355 1541 ii
387 1469 517 1541 caeteris
536 1470 677 1567 paribus
696 1421 930 1568 piaeiercndi,
952 1465 1015 1565 qui
1033 1466 1155 1539 arctio·

231 1600 263 1643 ιι
253 1572 422 1645 vinculo
443 1572 542 1644 nobis
563 1571 747 1669 conjuncti
764 1588 904 1644 sunt1
870 1571 904 1669 (1
912 1571 945 1665 ).
974 1568 1068 1641 Hinc
1087 1568 1152 1642 Pa·

232 1692 372 1763 rentes,
392 1702 512 1763 uxor,
542 1675 606 1747 filii
621 1674 776 1773 ,aliique
805 1672 1059 1770 consanguinei
1085 1699 1155 1770 pre

231 1778 305 1850 aliis
324 1732 512 1867 οιιιιιιιιιιι,
532 1778 693 1851 concives
716 1805 787 1876 prae
805 1776 1187 1873 alienigenis,amici,

231 1896 266 1953 et
283 1883 523 1955 benefactores
550 1909 621 1980 prae
639 1882 791 1953 inimicis
814 1897 898 1953 suut
916 1879 1048 1952 caeteris
1066 1880 1155 1978 pari·

230 1984 297 2056 bus
325 1984 514 2084 adjuvandi
537 1986 612 2083 (2).
646 1984 826 2059 Caeteris
815 2010 961 2083 mquam
989 1982 1156 2081 paribus:
1186 2067 1187 2078 χ

229 2104 314 2157 nam
333 2105 366 2160 et
385 2087 533 2187 publieae
553 2087 712 2159 utilitatis
725 2143 734 2175 ,
747 2105 782 2159 et
800 2086 1030 2173 meritorum,
1051 2103 1086 2158 et
1106 2086 1157 2157 di·
1186 2101 1187 2188 ι

231 2188 391 2283 gnitatis,
408 2216 448 2261 ac
468 2188 621 2289 denique
641 2190 854 2268 necessitatis
875 2189 1048 2285 graduum
1065 2190 1155 2262 ratio

229 2291 390 2365 habenda
409 2307 484 2367 est:
506 2294 602 2365 unde
622 2294 715 2367 illius
733 2294 849 2392 potius
867 2294 944 2367 vitae
964 2293 1154 2367 consulen-

229 2394 340 2485 dum,
368 2422 476 2497 aquo
496 2394 711 2495 Reipublicae
728 2396 820 2470 salus
839 2396 984 2469 omnino
1002 2396 1153 2495 pendet,

228 2524 335 2615 quam
363 2499 441 2570 vitae
467 2500 650 2618 conjugis,
676 2500 855 2587 filiorum,
873 2500 1082 2589 fratruum,
1112 2519 1153 2572 a'c

229 2600 333 2675 etiam
351 2618 559 2723 parentum3
577 2602 732 2699 insignes
751 2604 868 2702 potius
885 2556 1153 2690 benefactoies,

231 2731 338 2804 quam
362 2706 488 2779 remoti
515 2707 803 2803 consanguinei,
830 2707 1004 2806 aquibus
1034 2706 1187 2795 nibil,

126 2843 128 2849 ·
230 2826 291 2879 aut
309 2836 434 2928 parum
450 2809 536 2883 boni
554 2810 960 2908 accepimus,abinop1a
970 2805 1187 2881 sublevan
1186 2861 1187 2910 q

234 2910 292 2981 di·
283 2912 435 3031 ,optimi
461 2913 576 3013 potius
605 2913 779 3013 Principis
798 2914 953 3012 quamvis
972 2914 1187 3001 extranei

227 3039 333 3111 quun
358 3016 482 3112 privati
501 3033 536 3089 et
566 3015 703 3089 scelesti
729 3016 882 3090 concivis
907 3015 1067 3114 periculo
1096 3044 1155 3089 oc·

227 3117 503 3213 currendum3'
493 3119 637 3197 inimico
654 3122 779 3240 potius·
789 3137 941 3192 extrema
960 3120 1152 3191 nece'ssita-

226 3236 260 3291 te
280 3218 472 3309 laboranti,
499 3250 605 3341 quam
631 3224 742 3300 amico
767 3224 807 3297 in
836 3224 904 3297 levi
925 3240 1066 3295 tantum
1084 3250 1151 3295 ne·

226 3322 381 3397 cessitate
401 3326 590 3400 constituto
604 3356 692 3461 opes
710 3328 864 3403 ferenda.
1186 3275 1187 3395 i

299 3509 307 3573 ι
313 3506 335 3573 t)
355 3501 468 3590 Attectu
480 3504 694 3595 complacentia
703 3506 791 3583 magis
802 3504 924 3592 diligere
930 3501 1070 3563 debemus
1085 3525 1152 3563 san·

225 3574 325 3633 ctiores
330 3579 413 3653 ,quia
425 3593 492 3636 sunt
502 3580 563 3637 Deo
576 3582 733 3651 amiciores,
739 3596 767 3639 et
779 3581 1000 3669 conjunctiores,
1008 3593 1151 3638 etsecun-
1186 3633 1187 3642 ,

227 3648 296 3707 dum
303 3654 522 3715 seamabiliores:
524 3676 621 3717 amore
631 3673 726 3718 autem
735 3658 865 3717 effectivo
876 3656 961 3716 simul
968 3668 997 3714 et
1002 3657 1157 3730 effecuvo,
