2384 4442
287 433 336 509 26

334 538 369 633 3.
392 532 475 610 255.
496 532 761 607 Advertendum
782 534 836 623 3.,
859 534 1141 631 immeritopr'or·

232 672 289 719 sus
309 670 348 715 ea
365 638 535 710 beneficia
552 638 667 711 vocari
686 667 729 709 ex
747 638 874 736 quibus
901 637 959 710 alii
977 665 1051 708 non
1077 638 1142 708 uti·

233 749 365 839 litatem
384 742 556 829 sentiunt,
571 743 632 813 sed
650 741 881 829 damnum,ut
899 742 929 813 si
947 740 1026 839 quis
1044 768 1142 836 agro-

232 868 269 923 to
290 848 384 921 cibos
409 844 625 934 insalubres,
650 844 706 919 rel
730 845 924 919 temulento
942 844 1064 916 vinum
1085 843 1142 914 do-

234 968 342 1027 naret.

340 1055 374 1150 §.
396 1047 480 1125 256.
500 1048 766 1123 Advertendnm
795 1051 1042 1145 4beneficia,
1070 1075 1146 1147 qua

237 1154 421 1255 accipienti
440 1169 522 1226 sunt
539 1154 756 1243 honorifica,
781 1154 922 1254 publica
946 1183 1020 1227 esse
1046 1152 1146 1225 debe-

235 1290 298 1349 re,
325 1275 455 1333 secreta
481 1283 562 1329 vero
590 1258 795 1353 generaliter
820 1258 1020 1357 loquendo,
1043 1256 1072 1326 si
1096 1282 1149 1326 21-

237 1380 352 1461 guunt
369 1362 461 1434 illius
479 1359 708 1457 indigentiam
719 1362 786 1436 :sic
802 1362 898 1434 enim
913 1361 1069 1460 ejusdem
1082 1358 1149 1429 uti·

236 1462 325 1539 litati
342 1492 421 1538 vere
442 1463 644 1537 consulitur.
1028 1550 1032 1554 „

342 1570 375 1663 ᾗ
390 1564 473 1665 257.
486 1565 752 1639 Advertendum
769 1564 803 1641 5.
816 1565 879 1655 ,ad
896 1566 1058 1663 beneficii
1076 1592 1152 1665 per·

238 1670 428 1745 sectionem
444 1668 598 1769 requiri,
625 1670 720 1769 qnod
749 1670 847 1743 nulla
872 1698 935 1769 pro
962 1671 1021 1743 illo
1040 1697 1152 1741 remu·
1183 1763 1184 1766 Ἴ

239 1774 373 1847 naratio
393 1770 612 1873 expectetur:
626 1770 839 1847 beneficium
856 1775 952 1845 enim
969 1802 1012 1846 ex
1030 1791 1155 1870 natura
1183 1801 1184 1856 j

237 1907 299 1952 sua
317 1904 392 1950 non
410 1875 575 1975 respicit,
594 1877 663 1949 nisi
689 1877 830 1951 alterius
857 1878 1051 1949 utilitatem.
1183 1887 1184 1956 j

342 1983 376 2076 ὃ
398 1978 482 2053 258.
510 1978 594 2051 Non
620 1980 752 2053 idcirco
781 1998 899 2053 tamen
925 1980 1157 2066 inficiamur,
1183 2027 1184 2058 3

134 2154 138 2171 ,
240 2108 323 2157 eum
341 2081 403 2181 qui
420 2081 592 2152 beneficio
620 2082 817 2155 cumulatus
847 2100 898 2156 est
913 2139 923 2171 ,
941 2083 1158 2155 benefactori

233 2202 377 2285 gratum
395 2210 467 2254 esse
487 2184 637 2280 debere3
656 2186 726 2257 imo
754 2186 1001 2281 gratitudinem
1019 2204 1159 2257 natura·

237 2290 270 2361 le
291 2286 447 2360 officium
474 2314 545 2358 esse
574 2288 840 2378 contendimus,
867 2307 904 2362 et
926 2290 964 2361 in
983 2318 1024 2361 eo
1045 2289 1158 2360 consi
1183 2325 1184 2360 1

117 2422 120 2437 ¹
238 2410 328 2465 stere
349 2390 518 2476 dicimus,
546 2392 641 2489 quod
672 2409 834 2465 constans
862 2394 1030 2469 habeatur
1050 2392 1160 2463 animi
1183 2427 1184 2480 1

238 2494 414 2594 dispositio
434 2492 576 2588 gratiam
603 2522 667 2593 pro
693 2496 876 2569 beneficiis
898 2495 1049 2594 acceptis
1069 2499 1159 2567 refe·

238 2598 363 2690 rendi,
384 2614 418 2667 et
444 2597 675 2671 benefactoris
701 2600 887 2671 utilitatem
913 2598 992 2671 loco
1011 2626 1052 2669 22
1072 2615 1160 2669 tem-

235 2728 320 2801 pore
349 2716 545 2799 opportuno
577 2701 824 2799 promovendi.
853 2702 971 2798 Quare
998 2702 1162 2774 omnium

236 2805 420 2878 hominum
441 2806 696 2876 execrationem
713 2822 919 2894 merentur,
943 2804 1006 2905 qui
1024 2806 1163 2877 nedum

236 2907 400 2980 beneficii
437 2905 719 2995 obliviscuntur,
747 2908 808 2980 sed
844 2908 1061 2981 benefactori
1105 2908 1161 2980 ali-

237 3009 377 3110 qnando
396 3008 541 3103 injurias
564 3008 715 3105 irrogare
734 3039 808 3083 non
827 3013 1053 3085 erubescunt.

339 3114 373 3208 §.
400 3108 484 3208 259.
520 3109 785 3186 Advertendum
813 3114 965 3215 denique
1003 3140 1165 3185 amorem

236 3215 310 3288 aliis
332 3213 532 3285 hominibus
562 3215 719 3289 debitum
744 3217 902 3290 inimicos
932 3217 1038 3289 etiam
1066 3242 1166 3288 com·

235 3318 367 3418 plecti,
385 3343 458 3387 non
477 3317 619 3424 quidem
638 3348 707 3418 qua
724 3320 858 3393 inimici
877 3337 980 3408 sunt,
1001 3320 1066 3391 sed
1095 3346 1167 3419 qua

234 3422 417 3507 homines,
436 3418 583 3519 ideoque
607 3421 689 3520 ipsis
714 3424 818 3495 etiam
847 3424 1050 3496 communia
1076 3424 1166 3495 dile·

237 3526 359 3597 ctionis
379 3522 500 3620 signa,
525 3542 559 3595 et
577 3526 770 3627 beneficia,
795 3555 872 3624 quae
896 3526 970 3598 aliis
998 3526 1169 3623 ejusdem

237 3644 342 3701 status
371 3644 405 3699 et
435 3628 644 3700 conditionis
675 3647 834 3727 praestare
864 3629 1046 3721 solemus,
1093 3658 1168 3702 esse

1182 3881 1185 4040 ,
