2384 4442
819 469 896 543 '125

54 572 131 642 sumi
158 596 227 640 non
257 584 390 666 potest,
419 570 480 641 ubi
509 598 570 668 per
601 590 759 643 naturam
787 601 861 659 non
897 592 948 645 est

53 674 134 744 loeus
153 674 328 769 expresso)
345 703 354 765 3
375 672 434 743 sed
454 701 496 744 ex
516 674 736 769 generatione
761 703 842 746 eum
862 677 945 748 edu-

53 776 142 846 candi
167 775 281 846 debito
310 776 508 871 conjuncta.

142 880 175 973 §-
205 877 287 949 361.
319 876 430 949 Tama
458 894 574 949 autem
605 896 655 950 est
680 896 863 977 parentum
888 909 948 978 po·

53 996 158 1067 testas,
185 996 355 1078 quantum
374 996 476 1051 rectae
496 981 711 1081 educationis
729 982 948 1055 officiumre·

50 1083 150 1179 quirit.
181 1083 243 1155 llla
274 1110 353 1177 ergo
381 1084 543 1180 importat
573 1084 812 1171 solummodO,
843 1102 883 1154 ut
910 1088 947 1155 fi-

48 1184 92 1255 liis
110 1186 348 1282 praeseribant,
368 1185 453 1282 quid
473 1186 647 1281 agendum
666 1188 730 1273 sit,
751 1186 836 1285 quid
850 1188 950 1257 omit·

49 1288 199 1374 tendum,
229 1315 354 1385 eosque
380 1290 616 1383 immorigeros
643 1318 709 1386 pro
729 1318 766 1359 re
786 1307 866 1361 nata
894 1318 949 1361 ca·
1002 1366 1006 1373 .

48 1390 182 1484 stigent,
213 1406 249 1461 et
279 1408 485 1483 coerceant3
521 1418 595 1463 non
634 1409 750 1463 autem
776 1393 832 1488 jus
867 1393 948 1491 ipsis

48 1491 155 1563 tribuit
172 1492 333 1563 abortum
351 1493 576 1589 procurandi,
596 1511 655 1564 aut
674 1495 806 1591 prolem
824 1522 947 1566 reeens

48 1612 150 1665 natam
186 1594 407 1693 exponendi,
446 1596 535 1666 sieut
567 1624 634 1667 nec
657 1598 713 1692 jus
746 1597 823 1668 illos
857 1598 947 1669 ocei—
1034 1608 1039 1615 '

48 1695 162 1783 dendi,
189 1696 261 1769 imo
291 1724 358 1769 nee
389 1697 463 1768 illos
493 1698 730 1770 venumdandi
749 1717 872 1797 praeter
892 1728 946 1772 ea·

47 1826 133 1887 sum,
153 1827 222 1897 quo
243 1816 403 1897 parentes
422 1799 623 1871 nullatenus
642 1818 782 1899 possent
802 1829 859 1873 eos
879 1802 946 1873 ale·

47 1926 93 1973 re:
113 1920 194 1974 tune
224 1902 321 1974 enirn
338 1901 660 1990 venundarentur,
685 1932 730 1975 ne
751 1905 840 1975 same
860 1904 950 2001 peri-

48 2021 137 2076 rent.
168 2006 179 2102 (
188 2006 219 2103 1)

109 2212 143 2277 (r)
165 2206 417 2281 Grotius,aliique
432 2220 546 2283 putant,
561 2210 626 2282 jure
646 2222 754 2266 natnrae
770 2208 902 2266 alimenta
917 2209 949 2271 fit
970 2217 974 2226 ¹

46 2278 81 2337 liis
96 2283 293 2357 aparentibus
319 2282 418 2339 deberi
442 2302 501 2338 non
523 2305 558 2339 ex
575 2284 683 2359 justitia
704 2285 881 2361 expletrice,
898 2285 949 2341 sod

44 2355 209 2414 attributn'ee
234 2356 408 2425 dumtaxat,
433 2358 471 2413 ita
493 2371 524 2413 ut
546 2371 677 2431 parentes
701 2358 750 2414 illa
775 2361 947 2435 denegantes

43 2430 115 2486 valde
134 2432 332 2489 inhumaniter
349 2432 474 2500 faciant,
495 2446 524 2487 at
542 2432 638 2489 liberis
657 2437 700 2507 jus
724 2455 784 2489 non
803 2447 949 2509 competat

43 2505 72 2558 ab
88 2505 181 2562 invitis
201 2506 370 2583 parentibus
389 2507 438 2562 illa
457 2506 614 2581 exigendi,
634 2507 684 2579 qui
703 2508 838 2581 proprius
850 2506 894 2564 'est
910 2510 950 2563 ef·

42 2580 119 2637 sectus
130 2582 246 2656 justitiae
260 2581 427 2659 expletrieis.
442 2580 549 2636 «Nobis
561 2594 667 2646 autem,
676 2580 950 2653 inquitPulfendor·

44 2653 88 2709 fius
96 2659 155 2713 Lib.
173 2657 192 2727 4
216 2661 292 2731 Cap.
314 2677 354 2712 11.
371 2658 394 2729 §.
413 2656 431 2727 4
448 2675 637 2729 ,persuasum
649 2668 690 2710 est
705 2656 869 2728 parentibus
886 2674 950 2729 peu-

43 2728 130 2787 leetam
160 2733 370 2810 obligationem
392 2730 556 2787 incumbere
581 2728 654 2783 lilios
679 2728 791 2796 alendi,
811 2729 950 2802 quamdiu

42 2803 87 2878 ipsi
107 2828 134 2863 se
154 2808 230 2865 alere
258 2819 430 2881 nequeunt,
450 2824 539 2879 euque
559 2804 688 2878 injuncta
712 2802 825 2859 videtur
843 2803 951 2859 nedum

43 2880 73 2934 ab
94 2882 156 2956 ipsa.
179 2898 305 2951 natura,
325 2881 374 2938 sed
400 2880 484 2937 etiam
505 2879 566 2955 ipso
593 2891 747 2954 parentum
765 2880 838 2935 facto
853 2878 952 2946 ,dnm

40 2952 136 3022 liberos
152 2971 309 3035 generant:
327 2975 456 3030 magnam
473 2956 548 3010 enirn
564 2953 640 3028 proli
661 2973 718 3009 suae
737 2953 861 3026 facerent
879 2951 954 3027 inju-

42 3030 104 3085 riam
124 3034 145 3088 si
165 3054 230 3089 eam
252 3032 317 3087 ideo
339 3044 448 3087 tantum
468 3041 673 3105 generassent,
698 3041 730 3084 ut
744 3028 859 3104 periretr
879 3030 956 3105 Ergo

41 3108 198 3179 generando
211 3107 359 3174 ‘vi-dentur,
372 3127 400 3161 se
412 3104 488 3160 ultro
504 3103 686 3162 obstrinxisse
701 3103 737 3160 ad
751 3103 839 3179 prolis
853 3104 953 3174 vitam,

42 3196 177 3255 quantum
199 3183 231 3237 in
252 3204 279 3253 se
302 3194 343 3242 est
369 3179 599 3237 conse-mandam.
625 3179 671 3237 Sic
693 3179 782 3255 igitur
803 3179 833 3235 in
856 3179 953 3251 liberis

43 3254 89 3311 arb
108 3258 270 3333 perfeetum
290 3261 334 3333 jus
360 3256 492 3311 alimenta
517 3252 634 3329 petendi
655 3256 859 3332 (proindeque
879 3256 953 3311 siout

39 3344 114 3404 pater
133 3334 221 3391 dicit:
244 3333 354 3407 impero
370 3330 437 3406 quia
453 3328 555 3405 genui,
570 3328 607 3385 sic
622 3328 696 3387 filius
712 3330 882 3406 respondet:
904 3329 953 3383 ali-

40 3422 128 3463 menta
147 3422 218 3484 peto
236 3452 243 3474 ,
263 3408 331 3483 quia
351 3406 462 3482 genitus
481 3424 543 3460 sum
555 3408 577 3471 5]
590 3424 653 3479 quae
675 3406 745 3462 ratio
772 3418 879 3461 veteres
900 3404 955 3460 Ee·

41 3480 123 3539 elesiae
142 3486 245 3539 Patres
267 3482 380 3557 impulit
399 3481 435 3537 ad
454 3479 641 3549 sententiam,
665 3502 752 3557 quam
773 3479 891 3535 Grotius
912 3498 953 3533 se-

40 3560 136 3631 quitur
152 3561 340 3617 vehementer
355 3554 574 3612 damnandam».
593 3557 738 3627 Caeterum
753 3554 953 3612 alimentorum
