2384 4442
285 428 354 523 154
1179 489 1180 520 ι

147 578 152 585 ·
219 536 342 622 irasci,
373 548 407 607 et
435 532 626 605 vindictam
661 532 727 604 sibi
762 558 966 607 reservare:
1004 534 1121 632 pluries
1179 543 1180 576 a

218 640 321 710 etiam
338 638 376 707 in
395 637 503 709 reteri
525 638 746 709 Testarnento
766 636 893 707 dicitur
912 634 1018 708 Deus
1044 666 1125 710 exer·

216 742 377 826 eituum,
403 755 480 811 tum
508 740 589 837 quia
616 739 870 835 utplurimum
887 738 973 810 Deo
987 739 1121 836 jubente

215 870 256 915 ac
276 842 445 937 dirigente
476 841 643 915 aJudaeis
669 841 760 913 bella
790 842 1026 938 gerebanturg
1056 870 1129 914 cum
1179 843 1180 852 ’

218 944 321 1035 etiarn
339 944 509 1043 quiaipse
528 943 744 1042 potissimum
761 945 800 1016 in
820 944 941 1043 quovis
971 944 1067 1017 bello
1087 963 1131 1017 est
1179 947 1180 956 ’

215 1047 366 1120 victorie
383 1046 529 1143 largitor
541 1046 739 1117 secundum
763 1074 834 1118 suae
863 1046 1070 1144 sapientia,
1098 1076 1132 1119 ac
1179 1115 1180 1146 ¹

214 1150 353 1247 justitie
373 1148 520 1223 decreta.
551 1150 628 1221 Nec
658 1149 783 1221 divinae
809 1149 1009 1247 sapientie,
1036 1151 1135 1222 boni·
1179 1215 1181 1256 ‚

215 1252 301 1339 tati,
329 1270 364 1324 et
392 1252 536 1349 justitiae
551 1251 726 1323 ullatenus
751 1252 884 1339 officit,
912 1252 1009 1349 quod
1028 1280 1137 1351 pecu
1179 1265 1180 1350 Q

215 1354 335 1427 tiaram
353 1355 391 1427 in
410 1354 517 1427 reteri
538 1354 761 1427 Testamento
791 1354 857 1425 sibi
874 1352 1048 1451 poputum
1069 1356 1136 1427 ele·
1179 1355 1180 1444 1

218 1457 328 1553 gerit,
347 1456 386 1527 in
404 1484 475 1555 qno
493 1482 581 1528 verae
602 1456 683 1528 fidei
710 1457 906 1554 depositum
927 1474 1066 1529 sartum
1085 1475 1132 1529 te·
1179 1451 1180 1536 1

214 1574 378 1659 ctumque
398 1575 616 1645 servaretur,
645 1560 732 1629 dnm
757 1558 832 1630 aliae
859 1574 978 1654 gentes
1006 1562 1134 1657 praeju·

213 1661 333 1749 dioiis,
364 1678 398 1733 et
422 1661 632 1733 inordinatis
653 1662 836 1733 affectibus
861 1679 1044 1733 excoecatae
1066 1664 1132 1735 Po

211 1762 434 1862 lytheismum
451 1764 577 1836 rationi
597 1765 740 1837 omnino
760 1764 974 1837 contrarium
994 1766 1140 1862 profite-

211 1867 364 1954 bantur,
391 1894 431 1939 ae
457 1866 652 1965 turpissima
675 1868 757 1939 vitia
785 1867 957 1941 falsorum
969 1866 1135 1941 Deorum

212 1970 369 2067 exemplo
400 1971 655 2068 quodammodo
686 1971 942 2042 consecrabant.
979 1969 1036 2042 Ex
1066 1972 1138 2043 hoc
1179 2019 1180 2050 1

212 2072 305 2143 enirn
323 2096 400 2141 non
418 2073 596 2168 sequitur,
616 2072 735 2144 Deum
753 2073 826 2144 aliis
846 2073 1005 2169 gentibus
1024 2072 1136 2145 dene·

213 2198 305 2268 gasse
336 2171 462 2243 auxilia
488 2173 609 2242 saltem
627 2176 837 2246 sufficientia
866 2175 911 2246 ad
928 2200 1040 2246 veram
1067 2202 1134 2246 na-

149 2338 155 2347 .
210 2270 358 2345 ruralem
376 2268 580 2367 refigionem
611 2278 890 2368 agnoscendam,
913 2293 948 2347 et
964 2278 1135 2351 naturalis

213 2374 297 2468 legis
317 2390 486 2471 praecepta
506 2375 728 2447 observanda.
751 2377 833 2449 Haec
852 2406 960 2476 porro.
974 2379 1048 2451 illis.
1059 2386 1136 2451 non

212 2476 478 2576 defuisse‚patet
498 2504 539 2547 ex
558 2477 700 2549 historia
717 2479 742 2552 J
743 2480 812 2568 ob,
839 2481 905 2577 qui·
920 2482 1061 2552 tametsi
1074 2482 1137 2554 ha-

213 2578 338 2651 bitaret
366 2596 461 2653 extra
484 2579 666 2667 Judaeum,
693 2608 826 2679 nempe*
842 2582 881 2654 in
907 2599 1001 2654 terra
1031 2583 1134 2673 Hos,

213 2698 335 2754 rectus
354 2698 470 2753 tamen
489 2682 677 2769 asseritur,
705 2710 746 2755 ac
764 2685 891 2757 timens
918 2683 1039 2757 Deum
1059 2742 1071 2775 ‚
1102 2705 1138 2759 et

210 2784 378 2857 recedens
398 2784 550 2871 amalo,
569 2785 723 2884 itemque
743 2814 786 2859 ex
804 2787 947 2860 historia
973 2786 1136 2863 Cornelii
1179 2795 1180 2874 Ϊ

93 2905 95 2914 “
214 2884 464 2973 Centurionis,
483 2886 545 2985 qui
564 2886 647 2959 Act.
673 2913 727 2959 ro.
750 2890 796 2977 V.
818 2916 849 2962 2.
872 2890 1022 2965 dicitur:
1037 2925 1055 2961 u
1083 2894 1136 2965 vir

214 2988 393 3083 religiosus
421 3016 460 3061 ac
487 2990 613 3061 timens
644 2988 762 3061 Deum
788 3018 871 3064 cum
897 2994 994 3065 omni
1027 2995 1135 3068 domo
1179 3001 1180 3078 1

211 3116 304 3174 sua,
338 3090 468 3164 faciens
506 3093 738 3189 eleemosynas
761 3094 886 3166 multas
922 3095 1019 3193 plebi
1046 3154 1056 3185 ,
1100 3116 1135 3169 et

213 3190 402 3287 deprecans
437 3193 556 3265 Deum
595 3222 788 3293 sempera:
810 3196 1041 3271 Obmutescat
1082 3229 1133 3273 er·
1179 3227 1180 3270 1

212 3320 256 3390 go
284 3292 488 3381 Rousseau,
508 3312 542 3367 et
561 3297 713 3369 divinam
730 3300 976 3373 revelationem
1002 3303 1130 3402 impos

211 3396 346 3471 sibilem
369 3397 537 3469 affirmare
565 3401 707 3473 tandem
735 3402 922 3503 aliquando
952 3404 1114 3481 desistat
1171 3403 1174 3405 1
