2384 4442
59 536 219 609 minium
247 534 454 629 restringere
482 551 604 632 potest.
634 537 742 609 Porro
774 537 801 610 si
833 537 899 609 tale
913 463 984 635 7jus

62 640 135 709 uni
154 638 321 732 singulari
338 664 496 735 personae
507 655 700 737 competat,
719 639 913 713 dominium
932 641 985 712 di·

64 741 162 813 citur
182 739 363 834 singularis
382 739 623 837 proprietatis3
650 741 703 812 sin
726 769 807 814 vero
832 768 988 815 commu·

63 871 111 915 ne
134 843 179 914 sit
190 842 347 939 pluribus
359 842 531 914 consociis
542 843 737 915 dominium
753 844 880 915 dicitur
893 869 987 918 com-

61 945 248 1019 munionis
266 945 433 1042 positivae,
451 944 514 1016 ubi
532 972 636 1018 nemo
656 947 837 1041 singularis
865 971 987 1018 conso·-

62 1050 146 1121 cius
163 1049 220 1143 jus
237 1049 342 1120 habet
359 1047 403 1119 de
421 1075 461 1118 re
479 1047 702 1146 disponendi,
721 1049 781 1120 sed
800 1049 913 1120 solum
930 1048 986 1119 in-

62 1172 165 1250 tegra
184 1151 327 1223 societas
345 1151 399 1223 vel
417 1178 480 1248 per
499 1179 535 1222 se
553 1151 608 1222 vel
627 1179 688 1248 per
700 1179 779 1222 suos
799 1177 987 1247 repraesen-

61 1271 191 1329 tantes.
212 1253 252 1324 Si
268 1253 421 1351 denique
440 1253 531 1325 nulli
547 1254 604 1350 jus
624 1253 728 1324 luerit
752 1253 835 1324 alios
855 1281 874 1323 a
892 1249 980 1324 datae

61 1358 119 1430 rei
150 1383 218 1428 usn
246 1355 481 1442 excludendi,
508 1357 582 1428 haee
609 1373 728 1452 utpote
759 1356 823 1425 sulr
852 1354 982 1426 nullius

62 1458 226 1534 dominio
246 1459 433 1531 constituta
451 1458 579 1531 dicitur
607 1486 677 1530 esse
697 1459 735 1528 in
766 1457 981 1530 connnunio·

67 1561 307 1658 nenegativa.

344 1763 588 1840 CAPUT
636 1767 717 1839 Vll.

122 1974 186 2047 De
201 1972 351 2069 Origine
363 1970 705 2147 Βοωίηἰίἓὲζιιςᾳιιε
724 1969 938 2072 acquirendi

474 2100 532 2147 mo
590 2131 597 2145 .

180 2282 215 2376 §.
237 2279 321 2379 269.
340 2280 493 2360 Primam
510 2281 657 2354 dominii
684 2279 852 2376 originem
870 2280 912 2348 ab
932 2303 989 2350 oe-

71 2384 259 2482 eupatione
278 2384 501 2481 repetendam
528 2411 600 2456 esse
631 2383 861 2467 arbitramur,
880 2407 941 2452 seu
969 2406 989 2448 a

26 2488 29 2495 ’
71 2487 135 2560 tali
164 2487 438 2585 apprehensione
468 2488 520 2560 rei
544 2487 662 2584 positae
685 2486 723 2560 in
743 2481 998 2558 communione.

69 2590 233 2685 negativa
263 2590 273 2686 (
292 2591 326 2685 S.
348 2589 456 2689 268.)
473 2644 482 2676 ,
500 2606 542 2662 ut
567 2590 659 2662 facto
686 2603 821 2686 pateat,
841 2583 991 2680 aliquem

72 2719 113 2763 re
133 2691 344 2788 apprehensa
372 2691 426 2764 uti
439 2690 538 2786 ¹velle
569 2717 651 2762 cum
678 2687 878 2762 exclusione
910 2683 991 2754 alio.

73 2819 157 2866 rum
174 2821 237 2891 pro
255 2821 325 2866 suae
342 2794 420 2864 ritae
439 2821 516 2866 usn
536 2790 630 2866 Cum
641 2792 735 2862 enim
751 2784 990 2885 unusquisque

72 2896 232 2969 naturale
243 2896 299 2992 jus
317 2895 441 2969 habeat
452 2924 488 2969 se
505 2892 733 2968 conservandi
751 2917 790 2963 ac
809 2888 999 2988 perficiem,

73 2999 139 3086 di,
157 2999 213 3095 jus
233 2999 336 3071 etiam
353 2999 478 3073 haheat
496 3014 631 3097 oportet
661 3013 797 3068 tantum
826 2992 891 3066 sihi
910 3016 993 3067 cum

74 3101 278 3174 exclusione
306 3100 454 3174 aliorum
480 3099 663 3174 adserendi
683 3127 700 3172 e
720 3099 822 3178 rebus
841 3098 878 3168 in
898 3121 992 3168 com·

73 3203 245 3292 munione
275 3204 434 3300 negativa
460 3205 718 3291 existentibus,
748 3218 918 3302 quantum
947 3196 991 3274 ad

74 3305 132 3378 sui
151 3307 474 3395 conservationem,
504 3324 538 3381 et
555 3308 805 3406 perlectionem
823 3301 992 3377 existimat

60 3424 323 3510 opportunum.
341 3409 488 3484 Certum
503 3411 598 3484 enim
614 3427 664 3483 est
682 3409 773 3507 apud
788 3427 921 3486 omnes,
933 3397 989 3495 jur

76 3511 123 3582 ad
142 3513 251 3583 finem
269 3513 442 3587 involvere
463 3514 566 3585 etiam
584 3513 639 3608 jus
652 3513 694 3584 ad
710 3507 993 3589 mediehonesta,

78 3641 158 3714 quae
176 3614 221 3686 ad
239 3615 332 3688 illius
350 3616 604 3690 assecutionem
622 3613 838 3688 conducunt.
