2384 4442
286 462 356 541 152
376 450 382 467 i

227 570 391 643 licitatem
418 595 438 640 a
461 564 561 638 nullo
589 555 705 641 cretito
731 554 825 638 hono
851 550 1000 665 produci
1017 580 1132 665 posse3

230 674 261 745 3.
296 671 444 743 alienam
480 669 660 771 partialem
699 669 902 741 felicitatem
940 670 1132 743 nullatenus

227 775 387 861 officere,
417 772 605 873 quominus
623 774 662 843 in
680 772 751 843 alio
768 800 894 868 genem
913 798 979 845 nos
1000 798 1131 871 quoque

225 874 405 975 partialem
423 876 622 947 felicitatem
641 869 918 973 consequamur3
947 875 1132 969 lptandem

226 978 365 1051 invidie
390 978 666 1079 turpitudinem,
693 996 729 1050 ot
757 980 908 1067 damna,
925 1004 1006 1078 que
1023 978 1134 1051 invido

229 1083 340 1155 affert.
977 1116 982 1125 ·

331 1186 367 1281 §.
393 1210 446 1283 19.
474 1183 608 1257 Verum
636 1200 759 1281 praeter
788 1184 863 1255 lraee
891 1183 1065 1279 generalia
1089 1210 1136 1255 re

226 1286 362 1375 media,
380 1288 419 1359 in
438 1286 656 1381 singulorum
668 1287 852 1359 hominum
863 1286 1138 1358 affectibustem-

225 1391 386 1489 perandis
406 1389 617 1462 considerari
634 1390 781 1463 maxime
799 1389 903 1461 debet
918 1388 1136 1485 uniuscujus-

225 1484 294 1590 que
323 1492 468 1565 indoles.
500 1490 594 1564 Cum
624 1493 720 1563 enim
750 1492 897 1589 (inquit
924 1490 1137 1564 Clarissimus

225 1596 390 1695 Jacquier
414 1593 625 1695 Philosopla
652 1596 789 1666 Morat.
810 1596 914 1667 Part.
941 1618 975 1665 2.
999 1608 1084 1667 sect.
1108 1619 1139 1664 α.

228 1699 384 1801 Capta)
408 1698 646 1795 experiamur,
672 1696 830 1769 homines
858 1696 903 1766 ad
921 1695 1073 1767 diversos
1091 1696 1138 1765 af·

224 1802 363 1889 sectus,
391 1802 448 1873 vel
472 1816 618 1887 natura,
645 1800 700 1871 vel
719 1798 975 1871 consuetudine
994 1824 1137 1895 propen-

224 1904 329 1975 siores
350 1932 422 1976 esse
439 1960 448 1991 ,
468 1904 511 1975 ad
539 1902 731 1997 singulares
748 1901 907 1973 homines
934 1900 1134 1985 flectendos,

224 2006 265 2077 iis
284 2008 458 2079 utendum
477 2022 528 2077 cst
547 2006 750 2091 aflectibus,
769 2004 813 2074 ad
833 2030 921 2101 quos
937 2002 1046 2098 magis
1065 2030 1135 2100 pro.-

224 2109 264 2179 ni
283 2108 605 2205 deprehenduntur.
624 2108 677 2179 Ita
695 2107 725 2177 si
742 2106 866 2205 aliquis
885 2104 991 2177 fuerit
1010 2105 1054 2176 ad
1071 2131 1136 2175 me·

225 2226 302 2281 tum
321 2211 450 2295 facilis,
470 2210 502 2279 e'i
522 2209 799 2303 repraesentanda
826 2225 909 2281 sunt
927 2204 1080 2307 pericula
1096 2232 1137 2279 ex

225 2310 420 2383 actionibus
439 2310 536 2380 malis
555 2310 722 2383 timenda.

329 2416 363 2510 §
394 2438 453 2485 20.
482 2412 558 2484 Nec
590 2412 873 2507 pratereundum
903 2437 986 2483 cum
1018 2410 1140 2483 eodem

223 2516 389 2617 Jacquier
413 2515 570 2601 ibidem,
598 2515 759 2586 omnibus
788 2514 1005 2585 naturalibus
1031 2538 1138 2584 reme-

223 2620 288 2693 diis
308 2620 351 2692 ad
378 2620 547 2691 humanos
575 2618 721 2689 affectus
747 2616 978 2688 moderandos
1005 2615 1135 2686 infinite

224 2722 456 2796 efficaciorem
475 2748 546 2792 esse
568 2719 711 2817 gratiam
727 2719 905 2807 divinam,
927 2746 1007 2820 quae
1025 2718 1138 2817 proin-

224 2825 268 2898 de
297 2827 463 2899 omnibus.
486 2824 564 2895 vitae
590 2822 809 2910 momentis,
836 2822 933 2895 omni
961 2821 1078 2893 studio
1107 2837 1138 2893 et

223 2946 352 3002 conatu
381 2986 390 3017 ,
421 2925 667 3024 continuisque
693 2952 762 2997 nec
791 2923 993 2997 intermissis
1024 2922 1139 3022 preci-

224 3030 291 3103 bus
319 3030 504 3127 flagitanda
525 3030 642 3127 ,quin
659 3045 776 3100 tamen
798 3028 1004 3099 deserantur
1021 3028 1140 3099 huma-

222 3158 270 3203 na
288 3134 464 3221 subsidia,
484 3161 561 3234 quae
580 3133 713 3218 labore,
728 3147 762 3202 et
781 3130 1027 3202 exercitatione
1047 3156 1138 3201 com·

221 3246 410 3333 parantur,
430 3264 507 3334 quae
527 3262 569 3309 ex
587 3250 720 3306 nostrae·
738 3232 865 3305 indolis
884 3248 1010 3304 natura
1037 3232 1136 3304 desu-

218 3352 373 3411 muntur.
393 3336 491 3409 Deus
511 3338 607 3409 enim
623 3338 722 3433 juxta
736 3334 1010 3431 vulgatissimum
1026 3333 1138 3409 Theo.-

222 3442 380 3539 logorum
399 3440 583 3536 adagium«
599 3440 744 3513 facienti
763 3438 859 3541 quod
878 3453 929 3513 est
946 3437 986 3510 in
1010 3464 1048 3511 se
1067 3464 1140 3511 non

228 3544 375 3645 denegat
395 3544 537 3643 gratiam
547 3574 585 3617 n.
