2384 4442
293 486 340 561 88

239 588 306 661 bus
336 584 484 673 alienis,
512 584 556 657 de
583 584 850 683 impossibilibus
872 586 928 657 vol
957 585 1141 672 moraliter,

238 689 294 763 vel
311 686 469 788 physice,
489 688 532 760 dc
556 688 748 788 quantitate
767 684 840 761 'non
860 690 1141 788 correspondente

239 792 395 890 periculo
412 808 468 881 ‚et
479 792 553 889 spei
563 791 761 863 alterutrius
775 792 881 890 partis
900 791 1071 887 injustum
1081 810 1142 879 est,

237 895 386 994 ideoque
407 922 489 967 curn
507 895 544 965 in
563 894 648 966 ludo
661 950 670 981 ,
683 896 745 993 qui
763 895 865 990 vulgo
885 893 1015 967 dicitur
1029 896 1143 967 basset·

235 1012 295 1086 tu,
315 1000 405 1072 etin
424 998 483 1069 illo
499 1025 590 1097 ‚qui
580 997 712 1092 vulgo
739 998 868 1069 dicitur
893 1004 1066 1098 piripfsso
1084 1024 1143 1069 ma·

235 1102 326 1197 joras
345 1100 592 1201 probabilitatis
612 1100 736 1195 gradus
754 1102 919 1173 vincendi
938 1102 1064 1171 lrabeat
1075 1102 1144 1199 ,qui

237 1204 370 1283 chartas
397 1204 565 1290 lusorias,
593 1202 648 1275 vel
666 1230 791 1276 urnam
820 1204 946 1299 agitat,
970 1229 1075 1301 quam
1095 1204 1143 1275 atii

239 1333 322 1379 cum
341 1308 467 1406 quibus
483 1306 593 1394 ludit,
612 1306 651 1377 hi
667 1306 744 1378 ludi
756 1362 766 1393 ‚
777 1307 904 1404 aliique
916 1307 1072 1379 similes
1062 1309 1142 1403 inju-

237 1410 280 1480 sti
310 1410 453 1483 omnino
480 1426 587 1496 sunt,
612 1409 761 1508 ideoque
780 1410 931 1507 pecunia
950 1409 1019 1480 illis
1038 1410 1143 1507 acqui-

236 1512 300 1583 sita
326 1512 548 1585 restituenda.
583 1511 709 1607 Quoad
738 1513 903 1585 ludorum
937 1512 1143 1583 honestatem

236 1615 309 1685 haec
329 1616 383 1687 vel
403 1631 544 1687 externa
572 1631 648 1702 est,
668 1632 702 1687 et
721 1615 880 1687 decentia
898 1633 1140 1713 nuncupatur,

233 1717 289 1810 sel
307 1719 470 1805 interna,
491 1718 624 1789 scilicet
642 1719 788 1791 actionis
807 1719 1054 1790 convenientia
1072 1746 1141 1789 curn

236 1821 355 1917 regula
374 1848 522 1894 morum.
533 1822 613 1895 Jam
630 1849 712 1893 vero
731 1823 808 1921 quis
827 1849 901 1893 non
920 1822 1035 1909 videt,
1052 1822 1140 1893 ludos

234 1950 307 1995 non
335 1926 431 1997 omni
460 1936 616 2022 tempore
635 1925 782 2011 decere,
807 1953 873 1996 nec
894 1952 1017 1997 ornnes
1034 1951 1140 2024 perso-

233 2052 318 2141 nas,
337 2056 403 2101 nco
424 2053 528 2101 omne
543 2027 709 2099 ludorum
727 2055 837 2123 genus
855 2029 1051 2144 unicuique
1068 2056 1137 2099 con·

233 2128 351 2200 venire
361 2130 507 2225 ΡΟιιίι
497 2145 580 2201 1tem
592 2158 665 2201 non
685 2133 789 2203 sentit
807 2132 932 2202 ludum
940 2131 1072 2228 ,cujus
1087 2133 1140 2201 ho·

233 2248 353 2303 nestus
378 2234 456 2303 finis
477 2248 526 2302 est
545 2233 652 2305 animi
677 2235 899 2333 corporisque
921 2263 941 2304 a
960 2234 1076 2305 labore
1095 2264 1139 2304 rc·

224 2332 383 2425 ¹laxatio,
403 2335 485 2407 vitio
510 2360 583 2406 non
608 2362 749 2425 carere,
770 2366 799 2409 si
789 2336 968 2409 multum
987 2338 1139 2434 temporis

231 2438 449 2526 absumats
424 2466 451 2511 ιι
464 2436 571 2532 gravis
582 2441 741 2536 pecuniae
757 2441 931 2540 quantitas
948 2442 1034 2512 sorti
1057 2468 1137 2511 com-

230 2541 408 2636 mittatur3
429 2570 457 2613 sr
448 2540 629 2613 ludentis
647 2544 783 2616 animus
803 2544 1027 2630 exardescat,
1046 2570 1074 2614 si
1065 2543 1135 2613 de·

231 2644 379 2743 niqueo
360 2600 472 2718 offic-ia
491 2645 545 2716 vel
565 2672 645 2741 erga
663 2646 803 2733 Deum,
821 2647 877 2718 ved
895 2674 976 2743 erga
995 2674 1080 2733 nos,
1092 2646 1136 2717 vel

231 2774 311 2842 erga
328 2747 412 2821 alios
426 2748 584 2823 homines
602 2748 686 2823 ludo
702 2750 909 2847 indulgendi
925 2778 1030 2873 causa
1049 2750 1175 2822 omit

230 2852 380 2925 tantur?
495 2877 499 2886 ·
