2384 4442
231 531 339 608 Excipe
358 543 384 591 2.
401 528 424 584 si
439 527 561 603 qualitas
577 527 626 584 illa
645 527 794 604 explicite,
816 527 862 586 vel
879 526 1016 603 implicite
1031 529 1072 586 ita
1088 529 1148 586 sita
1181 553 1182 606 t

232 605 419 670 contrahente
435 602 543 659 intenta
559 647 567 672 ,
587 617 621 660 ut
636 604 695 660 sine
709 604 757 658 illa
772 601 845 660 nolit
860 603 1053 672 contrahere,
1075 605 1151 678 quod
1181 609 1182 674 l

190 716 199 731 .
231 683 333 750 fieret,
352 679 374 734 si
415 679 459 736 uis
481 679 594 734 interne
615 679 777 754 cogitaret,
807 690 857 733 aut
880 691 1000 738 externe
1026 679 1150 744 diceret;
1181 681 1182 722 f

231 757 255 812 si
278 777 307 812 es
334 699 465 824 nobilis,
496 753 599 822 dives,
625 767 677 810 etc.
708 754 775 810 volo
800 765 827 808 te
852 751 985 822 ducere,
1008 767 1037 809 et
1057 755 1152 824 duco,
1181 797 1182 816 2

234 851 315 888 secus
333 827 428 897 nolo,
451 841 555 884 etnon
571 829 668 885 duco:
689 828 744 884 hoc
760 828 836 884 enim
861 827 891 882 in
912 849 981 884 casu
1007 849 1077 895 curn
1093 850 1154 886 con·
1181 839 1182 868 l

234 926 332 963 sensus
359 903 394 959 sit
421 901 659 972 conditionatus,
686 916 714 960 et
737 902 867 978 pendens
892 924 908 957 a
934 903 1106 961 conditione
1126 906 1155 960 si·

232 1000 272 1036 ne
303 1001 362 1056 qua
392 999 481 1045 non,
509 978 660 1034 deficiente
688 977 881 1045 conditione,
911 977 1011 1034 deficit
1039 999 1153 1054 quoque
1181 1031 1182 1038 t

232 1075 394 1112 consensus.
427 1051 487 1108 Nisi
524 1066 620 1123 autern
650 1054 774 1108 exterius
803 1051 987 1108 manifestatae
1021 1054 1080 1108 sint
1107 1055 1155 1110 hu·
1181 1039 1182 1122 l

233 1129 360 1206 jusmodi
379 1128 559 1203 exceptiones
575 1127 661 1184 dehet
675 1141 774 1204 postea
790 1127 910 1182 interior
926 1127 1079 1183 absolutus
1096 1150 1154 1185 con·

234 1225 333 1261 sensus
356 1203 484 1280 praestari
504 1203 542 1258 ad
560 1203 694 1278 injustam
715 1203 868 1279 compartis
884 1201 1090 1278 deceptionem
1111 1203 1155 1260 tol·

235 1279 357 1336 leudam.

310 1354 347 1426 (4)
367 1352 583 1408 Matrimonium
603 1373 640 1408 ex
659 1364 737 1407 metu
761 1351 843 1427 gravi
861 1352 969 1426 injuste
986 1351 1105 1410 incusso
1125 1355 1156 1409 ad

233 1428 466 1502 extorquendum
482 1448 652 1484 consensum
665 1427 768 1482 initum
785 1427 952 1482 naturaliter
964 1428 1096 1484 validum
1109 1445 1156 1496 est,

234 1501 414 1560 rescindihile
431 1515 524 1557 tamen
542 1516 606 1558 ante
627 1503 871 1559 consumationem
889 1502 1047 1559 adnutum
1065 1504 1157 1572 illius,

234 1578 341 1652 quiex
367 1590 445 1633 mctu
466 1577 615 1633 contraxit.
645 1578 693 1634 Oh
717 1596 855 1632 summam
871 1598 939 1635 vero
957 1579 1102 1652 aequitatis
1119 1603 1157 1636 ra·
1181 1603 1182 1622 ³

235 1653 345 1708 tionem
367 1656 430 1727 jure
455 1652 648 1709 Ecclesiastico
670 1665 806 1708 statutum
830 1665 870 1708 est
892 1694 900 1720 ‚
931 1665 964 1707 ut
990 1653 1156 1730 hujusmodi

237 1726 452 1789 matrimonium
472 1729 508 1784 ab
523 1727 605 1784 initio
626 1727 660 1782 sit
676 1726 839 1782 invalidum.
1181 1755 1182 1798 3

312 1803 348 1875 (5)
370 1803 585 1858 Matrimonium
601 1814 780 1858 contractum
801 1801 854 1856 sub
874 1801 1041 1858 conditione
1058 1804 1096 1859 de
1112 1805 1154 1860 de·
1181 1799 1182 1860 l

234 1879 296 1934 bito
317 1878 408 1955 petito
424 1899 483 1932 non
499 1877 667 1946 reddendo,
694 1877 729 1932 de
753 1875 934 1952 generatione
951 1877 1154 1950 impedienda,

234 1952 319 2029 prole
345 1953 518 2019 occidenda,
540 1949 750 2018 adulterando,
779 1963 808 2006 et
836 1949 973 2005 similibus
1000 1951 1154 2022 faciendis,

236 2027 318 2100 quod
348 2027 586 2095 matrimonium,
610 2039 660 2082 aut
685 2029 745 2100 ejus
766 2025 852 2080 finem
873 2026 1091 2105 destruunt,est
1110 2048 1154 2082 na·

235 2101 367 2159 turaliter
382 2102 562 2170 invalidum,
591 2101 660 2176 quia
680 2114 721 2158 est
740 2101 792 2158 sub
813 2100 976 2158 conditione
997 2101 1054 2176 ipsi
1074 2123 1156 2178 repu-
1181 2155 1182 2162 ,

235 2189 362 2250 guante3
390 2177 517 2232 validum
536 2197 604 2234 vero
626 2177 678 2232 sub
698 2176 864 2233 conditione
888 2177 1033 2244 honesta,
1066 2190 1101 2232 nt
1124 2178 1155 2234 de

235 2250 362 2307 castitate
382 2253 417 2306 ah
437 2264 563 2327 utroque
582 2252 745 2319 servanda,
767 2264 816 2307 aut
835 2264 909 2306 statu
930 2251 1064 2326 religioso
1086 2273 1157 2308 assu·
1181 2311 1182 2320 ,

235 2326 368 2394 mendo,
394 2325 440 2383 vel
470 2327 554 2382 etiam
582 2328 634 2383 sub
659 2326 823 2385 conditione
844 2327 922 2402 turpi
953 2327 988 2382 rle
1010 2328 1156 2396 furando,

235 2400 414 2476 pejerando,
433 2400 479 2458 vel
499 2401 558 2456 aliis
577 2403 676 2476 inique
696 2399 829 2458 faciendis
845 2422 908 2476 quae
924 2402 1155 2473 matrimonium,

235 2487 287 2530 aut
305 2477 365 2550 ejus
386 2476 472 2532 finem
487 2497 547 2532 non
563 2477 736 2545 destruunt,
761 2476 829 2550 quia
857 2497 916 2531 non
943 2491 985 2532 est
1009 2478 1063 2533 sub
1091 2501 1156 2536 eon-

236 2549 344 2607 ditione
365 2552 419 2626 ipsi
440 2566 626 2628 repugnante.
648 2551 723 2608 Vide
752 2552 879 2608 Sanclacz
907 2553 944 2607 de
962 2555 1033 2609 Nat.
1053 2555 1117 2612 Lib.
1131 2556 1154 2612 3.

236 2627 507 2717 Disput.lpo.41.,et
522 2629 583 2684 Lib.
601 2645 625 2683 2.
637 2630 752 2702 Disput.
770 2627 814 2683 31.
832 2639 931 2707 etseq.
1181 2683 1182 2742 ,

341 2863 374 2956 §
397 2863 481 2962 337.
504 2859 671 2958 Sequitur
694 2885 744 2946 2.,
763 2883 1054 2960 unumquemque
1077 2889 1154 2934 con·

235 2963 359 3057 jugum
378 2964 477 3035 alteri
496 2963 640 3059 conjugi
658 2963 791 3060 petenti
811 2963 945 3060 copiam
962 2963 1080 3035 facere
1102 2966 1153 3036 de·

235 3063 318 3133 bere
340 3067 492 3162 corporis
507 3067 565 3138 sui
584 3066 628 3135 ad
648 3081 744 3137 actus
765 3065 979 3162 generationi
999 3092 1154 3139 necessa·

235 3164 330 3251 rios,
350 3167 418 3236 nisi
436 3168 551 3267 aliqua
569 3168 781 3239 rationabilis
801 3195 903 3239 causa
922 3195 974 3238 ex.
993 3195 1043 3262 gr.
1063 3171 1153 3240 infir·

233 3266 334 3338 mitae
354 3269 474 3341 obstet.
495 3271 560 3342 Hic
580 3286 697 3342 autem
714 3271 984 3342 animadvertere
1002 3290 1150 3367 praestat,

235 3368 331 3468 quod
350 3372 513 3468 nuptias,
532 3401 606 3444 non
626 3374 856 3460 concubitus,
881 3371 944 3449 sed¹
962 3399 1150 3446 consensus

235 3471 339 3549 facit:
368 3501 558 3548 consensus
587 3476 731 3576 inquam
758 3476 878 3548 saltem
892 3517 894 3522 ,
908 3475 1095 3564 virtualis,
1123 3493 1152 3549 et
