2384 4442
234 542 238 553 .
288 473 357 547 136

223 578 275 649 rio
302 576 330 647 si
348 574 455 645 libera
484 570 710 669 conceperit,
740 569 868 641 deiude
896 570 1024 641 ancilla
1052 571 1139 641 iacta

224 679 356 777 pariat,
374 674 529 773 placuit,
550 699 632 745 eum
650 673 711 771 qui
729 672 1067 759 nascitur‚liberum
1082 700 1139 742 na-

224 781 299 867 sci,
330 779 411 877 quia
437 802 511 847 non
530 776 633 847 debet
652 774 825 848 calamitas
847 776 966 847 matris
986 775 1021 847 ei
1040 802 1138 846 noce·

225 910 289 969 re,
310 882 371 979 qui
390 881 427 950 in
447 896 566 949 ventre
587 893 638 949 est
660 908 697 949 o.

330 986 363 1079 S
386 980 468 1080 376.
488 980 652 1078 Denique
671 979 700 1049 si
719 978 844 1049 ancilla
870 1006 1054 1078 pregnans
1073 1006 1145 1049 ma·

226 1086 379 1158 numissa
406 1085 470 1171 sit,
494 1080 622 1153 deinde
641 1080 767 1153 ancilla
785 1083 912 1153 iterum
930 1084 1023 1153 sacta
1042 1110 1146 1179 pepe·
1181 1089 1182 1094 ’

228 1188 311 1260 rerit
324 1244 333 1275 ,
346 1186 542 1261 Martianus
562 1186 686 1257 Princ.
698 1182 786 1255 Insa.
804 1185 849 1255 de
860 1190 1028 1279 ingenuis
1044 1187 1148 1255 meri·

226 1308 263 1361 to
282 1291 425 1388 probat,
452 1288 563 1359 filium
581 1286 730 1358 liberum
748 1287 862 1373 nasci,
879 1287 1000 1358 (licens
1019 1318 1027 1360 ε
1043 1320 1060 1355 o
1079 1290 1148 1357 suf-

230 1394 303 1465 ficit
330 1392 424 1465 enim
451 1390 512 1477 ei,
543 1390 604 1489 qui
632 1389 670 1459 iu
697 1405 796 1460 utero
817 1405 889 1477 est,
911 1389 1058 1460 liberam
1080 1418 1149 1460 ma·

230 1512 319 1566 trem
338 1493 391 1567 vel
412 1492 527 1565 medio
543 1508 697 1589 ternpore
711 1492 893 1578 habuisse,
915 1509 956 1563 ut
977 1492 1071 1563 liber
1090 1522 1149 1563 na·

236 1614 351 1668 scatut'
366 1628 395 1669 u.

334 1702 367 1796 S„
389 1700 473 1797 377.
495 1696 543 1771 At
562 1723 721 1795 quaenam
739 1714 820 1769 sunt
839 1714 961 1769 mutua
987 1697 1147 1769 domino-

229 1828 333 1888 rum,
362 1818 395 1873 et
415 1826 590 1873 servorum
609 1799 754 1871 officia?
784 1798 899 1871 Servis
923 1802 1149 1872 mercenariis

230 1921 395 1977 tenentur
433 1901 564 1975 domini
607 1918 741 2001 pactam
777 1903 976 1974 mercedem
1018 1921 1146 1975 statuto

229 2024 382 2105 tempore
403 2004 531 2077 solvere
549 2061 558 2092 ,
577 2006 631 2077 vel
660 2005 701 2075 iis
720 2004 882 2077 alimenta
911 2024 946 2077 et
975 2005 1041 2077 alia
1062 2034 1146 2077 con·

229 2126 331 2179 venta
350 2108 592 2205 suppeditare,
620 2107 765 2205 illosque
786 2109 832 2179 ita
849 2109 1049 2180 humaniter
1081 2128 1147 2180 tra-

230 2226 347 2294 ctare,
372 2225 412 2279 ut
432 2236 473 2280 ex
492 2234 562 2280 uua
590 2226 686 2305 parte
706 2210 857 2306 corporis
884 2210 1147 2297 valetudinem,

230 2328 265 2385 et
282 2312 389 2383 robur
408 2336 540 2381 servare
559 2312 713 2407 possint,¹
731 2312 932 2412 laboresque
952 2315 1147 2400 sustinere,

230 2430 265 2487 'et
284 2440 325 2485 ex
344 2412 409 2484 alia
428 2413 526 2486 otiosi
545 2440 619 2485 uon
637 2433 809 2488 maneant.
829 2417 880 2491 Ut
899 2418 994 2487 enim
1013 2418 1147 2489 dicitur

231 2519 371 2594 Eccles.
399 2517 457 2589 33.
480 2515 527 2589 V.
550 2542 608 2615 29.
623 2550 639 2584 o
660 2517 805 2591 multam
833 2519 997 2590 malitiam
1025 2520 1149 2593 docuit

233 2620 412 2693 otiositas»
429 2649 437 2693 :
461 2634 566 2721 quam
584 2618 750 2692 malitiam
772 2620 904 2692 domini
923 2651 985 2720 pro
1015 2625 1148 2695 viribus

234 2750 254 2794 a
273 2724 376 2795 servis
395 2722 510 2795 arcere
531 2722 659 2804 debent
675 2778 686 2809 ,
704 2722 790 2822 quin
809 2724 880 2795 imo
903 2726 1008 2812 eniti,
1029 2745 1070 2798 ut
1089 2729 1149 2798 bo-

233 2826 288 2897 nis
315 2826 467 2900 moribus
494 2824 619 2897 imbuti
637 2825 706 2896 sint
721 2882 730 2912 ,
748 2826 908 2925 ,ideoque
936 2828 965 2918 si
992 2829 1148 2929 delique-

231 2928 326 3014 rint,
346 2956 403 3001 eos
431 2928 533 2999 etiam
552 2927 750 3025 corripere,
780 2958 820 3002 ac
845 2930 1021 3006 moderata
1049 2935 1148 3004 casti·

233 3029 370 3121 gatione
391 3056 574 3103 coercere:
601 3031 705 3101 servis
723 3058 804 3103 vero
832 3060 850 3103 e
871 3049 992 3105 contra
1020 3036 1147 3131 obliga-

231 3129 279 3200 tio
298 3130 471 3202 incumbit
490 3150 675 3204 conventas
694 3161 812 3231 operas
837 3135 1044 3208 adamussim
1063 3167 1146 3235 prae·

232 3231 347 3303 standi,
376 3234 585 3329 (conventas
619 3236 786 3335 inquam:
815 3265 889 3310 non
916 3240 1012 3311 enim
1042 3241 1144 3339 dapes

233 3364 284 3407 ex.
305 3362 353 3431 gr.
381 3362 531 3433 coquere
555 3354 718 3427 tenetur,
748 3342 810 3439 qui
834 3358 1000 3440 tanquam
1029 3346 1145 3439 auriga

232 3439 428 3512 conductus
448 3440 521 3530 est)
550 3438 708 3528 dominos
737 3444 901 3541 obsequio
932 3472 1143 3545 prosequena

232 3540 293 3629 di,
313 3559 347 3615 ot
363 3542 456 3616 bona
475 3539 542 3613 fide
568 3542 694 3616 horum
711 3546 896 3621 utilitatem
925 3551 1142 3645 procurandi.
