2384 4442
293 406 365 501 146

234 538 347 586 amore
377 508 513 597 nostri,
544 524 580 581 et
608 526 705 581 metu
732 510 921 608 vituperii,
949 510 1147 607 poersitontia

232 642 313 689 vero
333 629 384 685 est
402 612 469 684 alia
486 612 619 710 species
638 612 784 685 tristitie
807 640 879 711 qua
896 610 1082 700 dolemus,
1100 614 1148 685 ali·

235 716 320 817 quid
346 715 498 790 anobis·
512 716 644 788 factum
673 742 746 787 esse
773 716 830 789 vel
856 716 1035 789 omissum
1062 716 1146 789 Nihit

235 821 294 892 hic
314 818 359 890 de
378 817 592 916 impudentia
611 819 786 907 dicimus,
816 846 886 918 qua
912 819 993 919 quis
1013 818 1149 893 aliorum

238 924 282 995 de
302 950 338 995 se
357 921 530 1019 judicium
546 922 602 994 vel
619 924 779 1011 bonum,
805 922 861 995 vel
878 922 1015 995 malum
1031 925 1151 1021 perfra-

237 1042 293 1099 cte
313 1025 529 1112 contemnit,
548 1026 630 1124 quia
648 1054 723 1099 non
740 1026 917 1099 humanus
927 1027 1079 1099 affectus
1094 1049 1151 1099 no·

235 1129 288 1201 bis
308 1128 470 1215 ridetur,
494 1128 555 1199 sed
581 1130 706 1201 vitium
730 1129 975 1216 teterrimum,
993 1130 1092 1227 quod
1109 1146 1154 1202 te·
1184 1141 1185 1156 ¹

234 1249 284 1303 ste
312 1230 430 1305 Tullio
459 1229 539 1303 Lib.
565 1258 593 1303 1.
622 1234 668 1305 de
688 1232 829 1333 Officiis
849 1230 902 1307 Ν.
932 1234 994 1330 94.
1013 1257 1090 1308 non
1107 1260 1153 1304 so
1184 1261 1185 1264 ¹

234 1334 309 1407 lum
328 1334 518 1431 arrogantis
535 1350 609 1421 est,
627 1335 688 1407 sed
708 1336 814 1408 etiam
831 1334 975 1411 omnino
986 1333 1153 1409 dissoluti.

1184 1487 1185 1530 t

529 1538 743 1615 CAPUT
780 1540 846 1615 ΙΙΙ.

284 1742 345 1817 De
365 1744 619 1817 Humanarum
637 1744 834 1846 effetarum
851 1741 1105 1831 Neoessiraat,
1183 1794 1185 1798 «

572 1863 608 1919 et
639 1848 809 1921 [leuitate.

339 2054 373 2151 3.
400 2078 455 2123 12.
476 2052 631 2125 Humani
648 2055 794 2125 affectus
814 2051 1006 2149 generatim
1023 2069 1152 2151 speeta-
1184 2115 1185 2118 ,

234 2153 262 2224 ti
286 2153 482 2225 excitantur
507 2156 545 2224 in
561 2156 729 2227 sensitivo
755 2156 904 2227 bominis
922 2155 1078 2253 appetitu
1107 2156 1150 2225 ab

233 2254 542 2352 impressionibus,
566 2284 651 2355 quas
671 2274 814 2330 externa
839 2258 978 2355 objecta
995 2258 1036 2328 in
1063 2258 1152 2355 eius·

229 2354 310 2428 dem
328 2356 477 2429 hominis
498 2358 602 2431 corde
619 2415 629 2446 ,
648 2362 842 2457 sanguine,
866 2387 907 2433 ac
926 2360 1045 2432 nervis
1076 2388 1152 2459 pro—

230 2459 377 2531 ducunt.
397 2460 476 2534 Jam
493 2488 574 2533 vero
591 2464 774 2535 sensitivus
792 2465 963 2563 appetitus
981 2464 1021 2534 in
1040 2463 1153 2535 homi·

230 2591 275 2635 ne
297 2563 347 2634 nit
366 2562 461 2635 aliud
481 2581 557 2651 est,
576 2566 645 2636 nisi
663 2567 777 2637 anima
795 2565 993 2652 rationalis,
1012 2594 1095 2664 quae
1117 2566 1154 2635 vi
1184 2609 1185 2624 1

229 2695 342 2739 nexus
361 2666 511 2739 animam
530 2669 623 2739 inter
640 2684 675 2739 et
702 2694 828 2766 eorpus
848 2668 1023 2768 corporeis
1052 2667 1154 2739 moti·

229 2770 296 2841 bus
322 2770 481 2841 afficitur.
508 2768 672 2842 Dubitari
688 2798 770 2865 ergo
799 2799 873 2844 non
891 2787 1038 2871 potest,
1066 2770 1151 2870 quin
1184 2805 1185 2836 t

228 2873 435 2971 plerumque
465 2872 585 2957 saltem
603 2873 703 2945 initio
726 2874 873 2947 humani
895 2877 1047 2947 affectus
1077 2899 1151 2945 non
1184 2899 1185 2914 ³

224 2972 327 3044 liberi
354 2976 449 3062 sint,
479 2976 547 3059 sed,
568 2975 765 3048 necessarii.
794 2977 878 3050 Non
903 2979 999 3049 enim
1032 2975 1149 3047 estin
1184 2975 1185 3030 i

226 3090 394 3171 potestate
414 3079 557 3150 rationis
576 3096 690 3151 motus
709 3105 829 3153 omnes
849 3080 991 3166 cordis,
1009 3076 1151 3172 sangui·

226 3177 304 3261 nis,
332 3195 367 3248 et
393 3206 582 3254 nervorum
607 3183 801 3280 impedire3
829 3183 984 3283 quamvis
1013 3180 1150 3277 possit,

226 3279 296 3351 imo
328 3278 452 3352 debeat
480 3286 490 3379 (
504 3288 537 3379 ἓ,
558 3289 615 3381 4.)
646 3287 859 3375 affectibus,
885 3286 948 3386 qui
976 3298 1149 3381 apparent

228 3382 439 3470 inordinati,
467 3410 645 3459 assensum
670 3388 868 3484 denegare,
895 3406 930 3461 et
954 3384 1061 3486 plura
1079 3411 1149 3455 me·

229 3485 285 3557 dia
322 3486 365 3559 de
397 3486 524 3587 quibus
561 3489 678 3579 infra,
706 3518 873 3589 usurpare
901 3491 944 3564 ad
977 3487 1057 3561 illos
1085 3512 1149 3584 pro
