2384 4442
844 495 865 540 2

37 569 175 642 omnino
199 568 422 657 exhibenda,
446 570 514 640 nisi
533 570 633 642 exiis
653 585 772 642 contra
795 598 859 642 nos
873 493 949 644 ior-

35 673 159 762 tiores‚
183 690 245 745 aut
273 673 513 744 insolentiores
541 673 673 744 evasuri
694 673 947 770 prevideantur

41 776 262 872 (cavendum
289 793 405 848 tamen
432 831 442 863 ,
471 804 517 846 ne
547 776 590 846 ab
622 775 812 846 exacerbati
840 776 949 848 animi

37 895 115 950 estu
125 880 164 950 in
175 880 379 976 hujusmodi
391 878 614 978 praevidentia
626 877 854 976 decipiamur)
875 881 947 978 (1);

36 981 191 1078 specialia
209 1011 290 1054 vero
309 982 424 1055 solum
440 983 479 1053 in
499 1009 608 1070 casu,
628 981 723 1081 quod
743 981 875 1053 sincere
893 1009 951 1053 ve·

36 1084 127 1156 niam
143 1101 286 1183 petant,
313 1098 376 1158 aut
394 1085 433 1157 in
449 1102 625 1173 extrema,
654 1084 709 1156 vel
728 1083 832 1156 etiam
858 1085 950 1180 gravi

35 1189 236 1260 necessitate
253 1206 445 1260 versentur.
469 1189 541 1286 (2)

108 1341 145 1407 (1)
165 1336 232 1391 Non
251 1336 318 1392 licet
337 1335 457 1393 inimicis
475 1335 550 1393 velle
568 1334 698 1404 malum,
717 1347 751 1391 ut
774 1354 875 1391 eorum
894 1353 952 1392 ma·

34 1409 109 1478 lum,
127 1431 182 1468 nec
203 1411 239 1467 de
262 1412 390 1487 ipsorum
410 1412 504 1480 malo,
525 1423 558 1467 ut
581 1424 681 1468 eorum
704 1408 779 1466 malo
805 1410 951 1486 gaudere,

37 1485 83 1541 vel
107 1485 142 1542 de
168 1507 269 1542 eorum
298 1487 402 1557 bono,
435 1501 467 1543 ut
497 1505 599 1542 eorum
627 1487 705 1542 bono
736 1485 859 1554 dolere,
889 1485 951 1542 haec

37 1560 112 1616 enim
136 1574 202 1617 sunt
227 1575 306 1617 actus
325 1563 407 1632 odii,
423 1561 504 1637 quod
517 1573 559 1617 est
583 1574 683 1619 eontra
702 1560 884 1618 dilectionem
899 1559 953 1614 ini-

38 1635 115 1692 micis
134 1636 220 1692 etiam
246 1637 377 1694 debitam.
406 1639 454 1695 Ob
477 1637 606 1701 eamdem
633 1637 797 1702 rationem,
828 1657 888 1693 non
918 1635 953 1692 li·

36 1723 82 1768 cet
106 1731 123 1764 a
139 1712 203 1766 Deo
220 1753 229 1778 ,
246 1713 294 1768 rel
316 1712 480 1769 hominibus
501 1713 658 1770 vindictam
678 1711 790 1786 injuriae
817 1723 952 1786 expetere

35 1806 74 1841 ex
105 1784 282 1860 displicentia
311 1808 464 1862 personae,
492 1787 585 1844 multo
615 1787 709 1843 minus
740 1807 801 1842 cam
833 1805 951 1842 sumere.

34 1859 110 1914 Item
126 1880 187 1914 non
207 1859 274 1916 licet
287 1863 413 1920 inimicos
433 1864 585 1942 excludere
609 1863 645 1918 ab
670 1871 735 1918 actu
756 1861 870 1916 interno
888 1859 953 1914 cha—

37 1934 149 2002 ritatis,
177 1955 262 2010 quem
282 1958 348 2014 erga
367 1937 532 2014 proximum
554 1937 701 2003 elicimus,
718 1935 767 1992 'sed
787 1955 834 1990 eos
858 1934 888 1988 in
903 1934 952 1992 illo

35 2010 193 2085 generatim
215 2009 386 2081 includere,
409 2013 465 2069 imo
495 2014 527 2069 in
555 2010 723 2090 particulari
752 2011 804 2066 hos
832 2029 951 2068 numero

37 2105 70 2140 ae
96 2084 283 2143 determinate
313 2088 431 2164 diligere
457 2088 618 2156 debemus,
650 2087 761 2162 quoties
779 2085 953 2162 'periculum

37 2174 79 2216 est
93 2204 102 2230 ,
116 2165 167 2217 'ne
187 2161 226 2216 ob
244 2182 359 2236 gravem
380 2163 514 2240 injuriam
542 2177 686 2240 acceptam
716 2183 764 2219 eos
786 2159 953 2230 oderimus,

41 2234 136 2312 eisque
151 2235 261 2292 malum
280 2251 429 2314 optemus,
451 2251 485 2294 ut
504 2259 578 2314 saepe
598 2238 760 2312 contingit,
781 2236 835 2292 nisi
854 2235 955 2292 odium

35 2324 104 2367 actu
125 2310 231 2368 amoris
258 2327 286 2369 et
311 2313 441 2370 oratione
470 2314 660 2372 cohibeamus.
692 2313 777 2368 Tunc
803 2311 879 2368 enim
905 2312 953 2370 ille

41 2383 141 2442 amoris
172 2400 250 2443 actus
281 2401 322 2445 est
349 2389 478 2445 medium
505 2389 695 2446 necessarium
721 2388 757 2442 ad
784 2386 956 2444 servandum

39 2474 224 2538 praeceptum.
245 2465 319 2520 Item
337 2485 398 2520 non
412 2463 485 2520 licet
502 2463 649 2522 inimicum
670 2461 821 2519 excludere
842 2483 857 2516 a
880 2483 956 2518 com-

38 2535 173 2593 munibus
197 2538 397 2607 orationibus,
416 2538 465 2596 vel
484 2538 690 2615 eleemosynis,
710 2558 726 2590 a
741 2536 956 2607 resalutatione,

36 2632 53 2666 a
73 2613 260 2700 responsione
284 2614 321 2668 ad
349 2613 525 2688 interrogata
540 2655 549 2681 ,
567 2635 584 2668 a
609 2612 747 2669 mercium
762 2611 956 2686 expositarum

37 2687 214 2744 venditione.

112 2765 241 2820 Peccant
265 2761 350 2817 etiam
375 2761 428 2838 qui
454 2759 607 2818 indiscreto
634 2759 696 2817 zelo
723 2757 839 2815 animati
859 2781 958 2838 pecca-

37 2849 112 2896 tores
136 2839 175 2894 ab
200 2857 298 2893 amore
329 2858 380 2893 suo
410 2837 586 2894 excludunt:
613 2835 680 2892 licet
707 2833 782 2890 enim
808 2835 862 2892 sint
890 2858 957 2914 pec-

37 2927 173 2981 catores,
201 2933 263 2968 non
286 2925 380 2968 tamen
398 2912 534 2970 desinunt
553 2933 613 2969 esse
636 2909 761 2988 proximi
784 2913 896 2970 amandi
926 2913 957 2970 in

36 2989 139 3045 ordine
156 2987 194 3043 ad
213 2987 333 3044 salutem
354 2988 404 3045 sed
426 2988 493 3048 odio
514 2988 682 3044 habendum
707 2999 875 3061 peccatum,
895 3010 955 3066 quo

38 3084 55 3117 a
69 3063 160 3120 salute
182 3063 376 3120 abducuntur.
395 3091 409 3117 s
430 3064 531 3121 Omnis
546 3075 697 3140 peccator,
716 3062 811 3139 inquit
824 3064 959 3141 Augusti-

39 3157 95 3193 nus
110 3141 174 3195 Lib.
195 3159 219 3193 1.
234 3141 272 3194 de
287 3143 431 3196 Doctrina
452 3142 621 3196 Christiana
646 3141 718 3212 Cap.
742 3137 844 3215 27.,in
865 3161 957 3215 quan-

40 3225 106 3267 tum
129 3228 265 3288 peccator
288 3228 347 3280 est,
370 3228 490 3271 nonest
511 3213 688 3290 diligendus,
703 3225 732 3270 et
755 3215 956 3272 omnishomo

40 3286 73 3340 in
95 3302 234 3360 quantum
253 3290 341 3345 homo
358 3304 417 3360 est,
443 3290 605 3365 diligendus
625 3303 666 3346 est
703 3303 801 3365 ropter
816 3293 911 3346 Deum
928 3311 955 3343 o.

41 3360 104 3417 Etsi
120 3403 129 3430 ,
144 3363 182 3418 ait
200 3365 370 3440 Gregorius:
389 3393 402 3420 a
423 3365 648 3441 indignationem
677 3309 831 3421 debeamus
858 3361 958 3429 vitiis,

41 3439 268 3514 compassionem
285 3453 379 3496 tamen
394 3442 530 3497 dehemus
539 3453 679 3496 naturas».
695 3443 796 3507 Amor,
806 3433 961 3511 inquitDi-

42 3534 99 3572 vus
122 3512 248 3570 Thomas
267 3534 291 3570 2.
302 3535 325 3570 a.
345 3520 451 3589 Qutest.
472 3515 517 3586 54.
536 3518 601 3570 Arc.
625 3515 670 3582 3.,
688 3515 810 3572 debetur
824 3509 959 3586 proximo

41 3588 203 3646 secundum
219 3590 298 3664 quod
313 3591 432 3648 habeta
447 3591 510 3646 Deo
526 3632 534 3658 ‚
549 3590 621 3644 idest
636 3587 794 3644 secundum
811 3598 959 3654 naturam,

43 3678 72 3722 et
87 3664 289 3743 gratiam,non
301 3678 396 3725 autem
408 3664 566 3725 seeundum
578 3663 619 3730 id,
635 3661 716 3738 quod
730 3661 844 3718 habeta
857 3659 959 3736 seipso,

703 3741 754 3809 αξ
