2384 4442
671 445 866 541 295

25 568 152 630 clesiastico
171 568 275 625 debent
296 583 440 645 perpetuo
462 592 494 631 ac
516 572 612 646 jurato
638 570 813 629 renunciare.
838 573 919 643 Quid

24 667 77 706 vero
100 643 247 701 dicendum
273 643 295 698 si
328 644 387 700 duo
407 645 579 722 Androgyni
605 647 817 703 matrimonium
843 650 919 705 inter

26 745 46 779 se
71 720 227 777 contrahere
258 718 392 779 vellent?
420 722 589 798 Respondet
618 721 706 777 Perea
727 726 841 796 Disput.
873 724 918 801 37.
966 727 972 738 '

28 802 114 871 Queat.
130 795 169 851 15.
182 821 195 848 u
209 814 263 851 nec
283 792 397 865 valide,
411 817 464 854 nec
488 796 564 853 licite
587 794 652 851 illos
672 818 755 871 posse
775 798 921 856 matrimo-

27 872 90 927 nium
109 869 181 926 inter
202 892 230 928 se
254 870 423 929 contrahere
445 914 452 941 ,
481 872 549 948 quia
575 884 648 927 esset
672 884 836 930 contractus
863 875 921 932 vir·

27 947 92 1003 tualis
116 945 290 1023 polygamiae*
308 946 480 1004 simultaneae
501 968 508 1000 =
534 966 602 1003 nam
627 958 739 1022 pateret
764 968 831 1005 usus
855 969 923 1024 pro·

26 1022 126 1079 misenus
147 1022 296 1097 utriusque
320 1043 422 1093 sexus,
445 1044 462 1078 a
481 1044 540 1101 qun
562 1034 684 1091 natura,
700 1035 839 1098 tanquam
856 1044 872 1078 a
892 1044 922 1081 rr

29 1096 162 1155 detestabili
190 1096 360 1153 abhorret».

88 1179 119 1244 (a)
139 1170 252 1241 Mulier,
269 1192 333 1246 quae
349 1187 415 1248 post
430 1172 644 1229 matrimonium
654 1172 732 1230 bona
748 1172 805 1230 fide
820 1173 924 1231 initum

29 1248 82 1303 adeo
106 1262 178 1305 arcta
202 1248 448 1323 deprehenditur,
472 1262 505 1305 nt
531 1248 589 1305 sine
610 1246 748 1305 incisione
788 1251 922 1306 erfectam

30 1342 79 1379 cum
92 1324 148 1379 viro
168 1344 218 1378 suo
241 1322 375 1398 copulam
394 1323 500 1381 habere
517 1336 659 1399 nequeat,
676 1344 712 1378 cx
728 1270 823 1381 oshhio
841 1338 926 1380 natu·

31 1398 72 1453 reli
83 1410 188 1456 tenetur
203 1397 242 1453 ad
257 1396 423 1455 incisionem
440 1398 504 1455 vitae
520 1420 580 1455 non
595 1399 786 1475 periculosam
802 1400 927 1456 subeun-

31 1472 91 1541 dam,
105 1474 229 1548 quamvis
246 1492 349 1549 magno
367 1472 476 1543 dolori,
486 1488 513 1531 et
529 1473 724 1532 molestissimo
740 1475 842 1531 morbo
859 1495 928 1533 cou-

31 1550 143 1623 junetam.
165 1552 209 1604 xEo
240 1548 249 1601 i
272 1568 301 1611 so
329 1549 429 1617 enim,
451 1550 531 1625 quod
556 1562 737 1607 contractum
758 1550 824 1605 iniit
844 1570 928 1607 suum

32 1645 124 1698 eorpus
136 1570 270 1681 tradendi
290 1624 327 1679 ad
346 1624 434 1699 prolis
453 1624 687 1700 generationem,
704 1632 841 1697 tenetur(
857 1645 930 1703 prae·

33 1699 110 1755 sertim
128 1700 149 1755 si
168 1700 212 1755 vir
233 1700 271 1754 ob
291 1700 387 1775 gravia
407 1700 514 1757 motiva
533 1702 645 1775 prolem
665 1707 769 1775 optet)
791 1701 860 1758 huie
878 1701 931 1756 ho·

32 1786 95 1831 nesto
111 1796 154 1831 sco
179 1795 195 1830 o
211 1774 347 1831 idoneam
361 1796 389 1831 se
407 1774 527 1833 reddere
538 1797 592 1852 per
610 1776 704 1831 media
721 1776 829 1851 quoev'n
844 1775 931 1833 etiam

33 1849 131 1905 molesta
151 1796 310 1905 dummodo
332 1864 453 1906 mortem
472 1871 533 1907 non
553 1850 682 1907 allatura.

94 1924 125 1995 (ὅ)
145 1928 234 1981 Error
249 1926 279 1979 iu
295 1925 413 1981 materia
429 1926 603 1983 matrimonii
617 1947 674 1981 esse
686 1939 780 2001 potest
795 1926 841 1984 vel
856 1925 931 1983 circa

31 2018 180 2073 personam,
208 2012 243 2055 ut
263 1999 383 2075 contigit
400 2002 510 2070 Jacob,
525 2002 575 2076 qui
594 2014 699 2087 putans
716 2024 744 2058 se
763 2003 933 2059 contrahere

34 2091 84 2128 cum
99 2074 241 2142 Rachele,
258 2076 401 2131 contraxit
428 2096 494 2133 cum
520 2077 569 2132 Lia
597 2075 672 2132 illius
695 2076 759 2134 loco
787 2078 934 2154 supposita

35 2152 91 2205 Gen.
113 2170 171 2225 19.,
188 2152 237 2208 vel
257 2150 330 2207 circa
352 2150 568 2221 conditionem,
594 2166 629 2210 ut
652 2152 674 2208 si
698 2153 761 2227 quis
785 2153 937 2210 contrahat

33 2242 86 2279 cum
101 2246 177 2282 serva
192 2269 199 2294 ,
217 2246 307 2301 quam
323 2224 442 2281 liberam
455 2242 555 2305 putat,
572 2228 620 2285 vel
635 2227 761 2302 denique
777 2229 851 2285 circa
868 2248 938 2304 qua-

34 2296 108 2355 litates
122 2322 274 2375 personae,
296 2314 328 2357 ut
343 2300 366 2357 si
381 2302 444 2377 quis
460 2316 545 2380 putet
559 2324 588 2361 te
604 2304 773 2361 contrahere
790 2324 855 2361 cum
871 2301 937 2379 pul·

33 2373 88 2430 chra
98 2416 106 2441 ,
121 2376 201 2435 diviti
218 2418 225 2445 ,
243 2376 354 2446 nobili,
374 2396 439 2452 quae
461 2392 553 2435 tamen
569 2378 703 2434 deformis
724 2391 785 2447 est,
806 2399 936 2453 pauper,

34 2448 155 2523 ignobilis.
170 2454 237 2507 Jam
252 2472 319 2509 vero
331 2451 407 2507 solus
424 2472 504 2510 error
513 2454 587 2510 circa
602 2473 752 2527 personam
770 2452 940 2509 naturaliter

35 2522 111 2581 irritat
128 2526 365 2595 matrimonium,
384 2526 478 2657 quia,
499 2542 532 2584 ut
551 2528 590 2584 ait
609 2528 700 2583 Divus
720 2527 845 2581 Thomas
865 2532 940 2601 Sup-

32 2602 104 2671 plem.
120 2603 143 2659 5.
158 2616 239 2677 part.
260 2606 367 2676 Quiest.
408 2622 428 2655 1.
446 2603 537 2658 Artie.
559 2622 581 2657 1.
599 2614 640 2657 est
655 2621 735 2656 error
750 2600 780 2653 in
796 2622 841 2668 eo,
858 2602 940 2674 quod

36 2686 68 2729 est
81 2677 232 2735 substantia
247 2720 255 2745 ,
269 2691 298 2733 et
312 2677 431 2733 materia
450 2690 627 2735 contractus:
644 2696 710 2730 nam
726 2674 941 2731 matrimonium

35 2768 84 2806 non
107 2753 197 2809 solum
226 2764 270 2809 est
297 2764 459 2809 contractus
478 2753 553 2807 inter
571 2770 728 2827 personas,
748 2750 797 2804 sed
819 2748 853 2804 de
874 2750 940 2825 ipsis

35 2828 164 2897 personis,
184 2848 252 2903 quae
268 2827 431 2884 seinvicem
447 2827 616 2883 sihimutuo
636 2825 759 2881 tradunt
786 2825 875 2879 Error
892 2845 941 2881 au·

36 2910 83 2955 tem
96 2904 166 2960 circa
183 2903 381 2961 conditionem
398 2904 443 2960 vel
455 2903 521 2957 alias
536 2902 684 2977 qualitates
700 2898 869 2954 naturaliter
882 2920 943 2977 non
997 2954 1000 2957 .

36 2972 115 3033 irritat
139 2978 383 3045 matrimonium,
412 2978 542 3055 quamvis
571 2999 608 3033 ex
635 2976 731 3043 dolo,
756 2974 803 3031 vel
831 2974 944 3030 simula-

37 3049 103 3107 tione
133 3053 250 3110 alterius
278 3067 487 3121 contractum,
514 3052 581 3128 quia
609 3048 747 3125 relinquit
776 3069 947 3107 consensum

38 3125 187 3185 absolutum
207 3130 239 3183 in
262 3148 436 3204 personam,
460 3149 509 3185 seu
536 3129 681 3203 objectum
706 3125 846 3182 directum
876 3146 946 3183 con

37 3212 130 3259 tractus
151 3204 319 3280 conjugalis.
336 3203 443 3279 Excipe
459 3217 554 3260 tamen
572 3222 593 3257 1.
609 3201 631 3257 si
646 3220 728 3258 error
744 3200 887 3276 qualitatis
904 3222 946 3257 re

40 3273 137 3335 dundet
151 3280 182 3334 in
198 3299 352 3356 personam
372 3300 474 3355 nempe
495 3291 624 3335 versetur
638 3277 712 3334 cirea
736 3276 821 3332 talem
841 3274 946 3351 ignotae

38 3371 157 3423 personae
181 3352 373 3431 qualitatem,
389 3374 454 3430 quae
478 3354 512 3412 sit
535 3352 652 3409 omnino
669 3350 817 3425 singularis
837 3364 949 3407 certum

38 3424 211 3485 individuum
241 3430 400 3498 denotans,
431 3442 465 3486 ut
492 3430 515 3487 si
543 3428 607 3503 quis
631 3426 747 3503 praecise
774 3424 949 3501 primogeni-

41 3512 91 3557 tam
116 3504 224 3565 ducere
253 3506 345 3572 velit,
378 3505 460 3580 eique
489 3504 664 3575 obtrudatur
693 3502 817 3558 secundo
846 3500 948 3574 genita.
