2384 4442
50 524 184 633 consilio
197 530 391 619 etc.,etdici
402 530 514 603 solent
528 532 641 605 officia
650 533 874 609 humanitatis
887 564 952 610 seu

51 637 190 709 innoxiae
208 635 385 723 utilitatis,
405 634 500 707 unde
520 636 578 707 illa
596 636 773 733 negligens
791 638 953 711 inhuma-

54 768 112 811 nus
129 738 338 837 appellatur3
358 737 412 810 vel
437 738 578 837 aliquod
596 740 828 812 benefacienti
846 741 950 813 detri-

50 859 194 914 mentum
213 842 388 927 alferunt,
408 856 448 911 ut
466 868 656 940 pauperem
683 842 760 913 cibo
786 845 952 932 reficere,

52 946 267 1042 eleemosynas
297 944 535 1039 indigentibus
561 945 679 1041 largiri
710 946 761 1043 (r)
779 1002 788 1032 ,
806 947 952 1045 propriis

33 1048 180 1144 opibus,
199 1047 354 1135 viribus,
373 1047 548 1118 laboribus
579 1048 727 1119 aliorum
753 1048 954 1121 felicitatem

49 1154 235 1247 promovere
263 1206 273 1237 ,
312 1166 346 1221 et
382 1150 623 1223 beneficentia
662 1150 776 1222 officia
812 1178 952 1225 nuncu·

48 1269 173 1349 panmr.

115 1434 148 1501 (r)
169 1429 422 1505 Eleemosynarum
438 1428 549 1507 largitio
567 1431 724 1507 generatim
744 1444 785 1487 est
798 1431 834 1488 de
849 1452 955 1507 proece·

49 1516 115 1577 pto,
134 1506 219 1579 quia,
237 1518 270 1560 ut
289 1506 328 1560 ait
348 1506 438 1563 Divus
455 1508 580 1563 Thomas
604 1524 628 1561 n.
650 1524 674 1561 2.
700 1511 806 1580 Quoest.
831 1506 876 1563 32.
897 1509 955 1562 Ar·

49 1584 89 1634 tie.
109 1579 132 1637 5.
148 1607 160 1633 a
176 1580 223 1637 Ad
244 1578 424 1637 dilectionem
449 1581 574 1657 proximi
599 1582 744 1657 pertinet,
765 1594 798 1637 ut
820 1582 954 1657 proximo

52 1674 102 1708 non
116 1655 204 1711 solum
223 1654 345 1713 velimus
360 1656 497 1725 bonum,
517 1656 666 1713 sedetiam
682 1676 837 1733 operemur
855 1678 955 1713 secun-

50 1728 109 1784 dum
127 1728 197 1786 illud
215 1732 234 1785 J
237 1730 336 1786 oannis
353 1730 394 1787 3.:
414 1730 481 1786 Non
501 1730 650 1807 diligamus
669 1732 776 1797 verbo,
796 1752 890 1806 neque
901 1732 956 1785 lin-

48 1823 96 1877 gua
105 1846 114 1871 ,
132 1804 180 1863 sed
198 1798 310 1881 opere,
330 1819 359 1861 et
378 1806 495 1862 veritate
505 1829 527 1859 ».
540 1806 585 1860 Ad
592 1806 649 1862 hoc
671 1819 767 1861 autern
787 1806 868 1879 quod
887 1805 956 1861 veli-

47 1897 122 1945 mus,
142 1894 169 1937 et
194 1900 352 1967 operemur
374 1880 486 1937 bonum
504 1880 647 1955 alicujus,
667 1881 850 1953 requiritur,
875 1881 956 1953 quod

48 1955 100 2027 ejus
118 1955 274 2014 necessitati
294 1956 515 2025 subveniamus,
532 1955 625 2031 .quod'
637 1956 670 2011 srt
686 1975 742 2032 per
765 1954 887 2013 eleemos
907 1975 956 2009 na·

49 2048 105 2083 rum
121 2030 326 2105 largitionem:
347 2030 428 2116 quod
452 2031 569 2107 quidem
594 2043 772 2117 preceptum
792 1975 957 2087 extenditur

49 2103 80 2157 ad
97 2107 197 2179 quaevis
217 2126 235 2161 o
278 2126 309 2162 ra
324 2106 524 2165 mrserieordiae
544 2118 573 2162 et
587 2106 713 2161 subsidia
732 2105 912 2182 corporalia,
928 2117 957 2163 et

50 2179 199 2252 spiritualia.
221 2126 360 2238 Illeenim
381 2180 465 2239 docet
482 2180 659 2258 Augustinus
680 2184 742 2237 Lib.
763 2184 800 2239 de
819 2183 957 2237 Moribus

52 2250 173 2313 Ecclesia
203 2260 280 2331 Cap.
304 2274 345 2333 27.
373 2257 467 2313 Homo
494 2271 535 2314 est
559 2255 652 2312 anima
677 2255 821 2312 rationalis
840 2255 956 2326 mortali

50 2339 124 2403 atque
142 2344 258 2389 terreno
279 2343 362 2388 utens
382 2352 512 2408 corpore.
533 2332 640 2388 Partim
655 2353 722 2408 ergo
742 2328 878 2407 corpori,
891 2351 958 2406 par·

50 2403 93 2463 tim
106 2426 169 2464 vero
182 2408 288 2465 animm
303 2406 425 2464 hominis
440 2407 592 2476 benefacit,
601 2407 652 2483 qui
666 2407 813 2465 hominem
828 2405 929 2480 diligit.

141 2594 175 2687 S.
198 2589 287 2667 252.
307 2592 389 2667 Jam
404 2621 485 2666 vero
505 2595 689 2692 utriusque
710 2590 825 2680 classis
845 2587 959 2660 ollicia

47 2718 114 2763 esse
132 2720 150 2764 a
169 2688 292 2793 quovis
310 2696 452 2769 homine
472 2697 545 2769 aliis
575 2695 776 2769 hominibus
795 2691 960 2762 exhiben-

47 2796 108 2881 da,
128 2814 160 2868 et
179 2798 324 2897 quidem
342 2800 531 2898 posteriora
551 2827 633 2871 curn
651 2794 797 2895 majori,
823 2793 878 2864 vel
896 2794 960 2864 mi-

44 2900 118 2971 nori
135 2901 360 2975 incommodo
387 2932 450 3002 pro
480 2904 629 3001 majori,
659 2902 714 2973 vel
731 2896 859 2970 minori
877 2895 960 2968 alio-

46 3030 120 3074 rum
137 3006 370 3093 necessitate,
390 3036 431 3081 ex
451 3036 491 3080 eo
512 3008 590 3079 satis
610 3022 726 3104 patet,
745 3000 840 3102 quod
858 3017 959 3073 natu-

45 3108 166 3205 reipsa
185 3109 234 3181 ita
253 3108 432 3182 lrorninem
458 3110 677 3196 formaverit,
707 3126 747 3179 ut
773 3106 848 3177 sine
878 3104 961 3175 alio-

45 3236 119 3281 rum
146 3214 341 3299 hominum
361 3215 512 3287 subsidio
540 3213 646 3285 vitam
671 3210 859 3305 transigere
886 3234 961 3277 non

43 3314 167 3409 possit,
186 3316 308 3387 rolens
327 3318 393 3393 lroe
413 3334 514 3415 paeto
533 3316 665 3389 mutuis
683 3311 903 3409 indigentiis,
926 3325 962 3379 et

45 3417 162 3487 officiis
192 3419 373 3491 hominem
398 3420 532 3493 homini
551 3418 726 3491 devincire
750 3417 793 3487 ad
812 3413 889 3484 vitae
907 3438 960 3481 so-

44 3521 341 3617 cietatemrUnde
360 3526 482 3595 merito
504 3522 642 3597 Tullius
661 3520 742 3625 Lib.
765 3545 792 3590 1.
809 3516 853 3587 de
874 3512 959 3613 0βῖ-Ι

45 3628 104 3695 ciis
117 3624 270 3723 Cap.7.:
290 3660 305 3699 a
321 3628 478 3703 homines
497 3626 682 3701 hominum
700 3648 803 3708 causa
822 3644 962 3718 genera·

700 3818 733 3856 Χ
