2384 4442
186 470 901 693 llPPENDIXI.139

269 976 313 1025 DE
339 977 492 1027 Hortalus
515 978 728 1029 Arrncrtnos.

143 1383 180 1477 §.
205 1407 234 1454 ι.
266 1354 446 1503 Duplex,
476 1399 517 1455 ut
536 1384 671 1481 egregie
690 1385 845 1459 observat
865 1386 951 1460 Tul-

30 1486 103 1557 lius
134 1484 180 1555 de
195 1484 358 1601 ‘Officiis
383 1484 444 1556 tib.
473 1512 502 1557 1.
533 1512 611 1586 cap.
645 1514 702 1585 29.
739 1506 775 1561 et
806 1490 950 1561 intimus

31 1586 316 1685 uniuscujusque
348 1612 468 1659 sensus
495 1588 624 1685 jugiter
660 1606 824 1667 testatur:
848 1591 952 1664 «Du-

31 1690 117 1789 plex
148 1706 199 1760 est
227 1689 276 1759 vis
295 1688 492 1761 animorum
509 1707 613 1788 atque
641 1708 782 1765 naturae.
810 1694 950 1769 Unam

32 1790 194 1891 appetitu
218 1792 422 1888 (sensitivo,
453 1818 559 1890 quem
577 1793 731 1867 absolute
759 1797 951 1893 appetitum

31 1910 162 1966 vocant
183 1894 423 1992 Peripatetici)
454 1895 563 1992 posita
582 1912 655 1982 est,
677 1923 754 1994 quae
771 1897 951 1968 hominem

31 1999 105 2068 huc
140 2012 174 2068 et
203 1995 286 2068 illuc
325 1996 432 2095 rapit,
474 1996 580 2067 altera
606 1998 644 2068 in
681 1999 836 2086 ratione,
872 2024 950 2098 quar

32 2100 139 2173 docet
158 2115 192 2169 et
211 2098 389 2195 explanat,
401 2099 487 2197 quid
506 2099 708 2173 faciendum
725 2054 947 2197 fugieiulum-

32 2230 102 2305 que
138 2200 189 2271 sit.
228 2201 279 2273 Ita
320 2202 380 2286 lit,
416 2218 455 2272 ut
492 2202 578 2273 ratio
605 2204 741 2300 praesit,
776 2204 950 2303 appetitur

33 2306 260 2421 obtemperet
285 2256 519 2377 Efficiendum
548 2320 666 2379 aurem
696 2322 768 2393 est,
789 2324 827 2379 ut
847 2334 948 2406 appe·

32 2409 119 2479 titus
148 2404 274 2477 rationi
305 2406 486 2491 obediant
507 2432 652 2505 eamque
671 2436 787 2524 neque
806 2436 948 2525 percur-

34 2526 134 2595 rant,
162 2534 229 2579 nec
257 2524 396 2607 propter
426 2508 598 2607 pigritiam
616 2525 677 2581 aut
702 2510 873 2603 ignaviam
891 2511 952 2583 de

37 2627 176 2697 serant,
196 2610 335 2727 sintque
354 2610 557 2710 tranquilli,
576 2628 680 2711 atque
700 2613 796 2685 omni
813 2621 954 2712 perturl

36 2715 180 2787 batione
201 2712 307 2784 animi
326 2730 516 2786 careant».
541 2712 615 2787 Hae
634 2714 706 2787 sola
723 2714 856 2786 ratione
875 2712 953 2784 lieri

36 2816 187 2917 poterit,
218 2832 259 2887 ut
287 2816 457 2889 naturalia
477 2815 590 2888 officia
617 2844 697 2912 erga
714 2815 847 2903 Deum,
872 2840 956 2910 erga

38 2948 123 3007 nos,
154 2935 190 2990 et
216 2945 295 3015 erga
323 2918 407 2992 alios
426 2920 596 2991 hactenus
613 2937 794 2993 numerata
813 2917 954 3017 implea-

38 3050 129 3095 mus.
163 3020 246 3093 Νοιι
274 3021 339 3093 erit
368 3022 483 3121 itaque
513 3023 573 3093 abs
590 3050 629 3095 re
658 3023 702 3095 de
720 3025 955 3102 humanorum

41 3126 241 3197 affectuum
272 3124 422 3221 origine,
442 3126 667 3213 necessitate,
691 3127 861 3213 utilitate,
879 3151 956 3222 par-

42 3229 190 3313 titione,
218 3227 373 3325 impetu,
401 3226 646 3324 perversitate,
672 3256 712 3299 ae
739 3229 851 3313 modis
877 3228 953 3300 illos

42 3330 134 3401 intra
165 3327 298 3402 debitos
337 3330 423 3405 fines
453 3331 640 3412 coercendi
675 3331 824 3407 breviter
851 3330 956 3403 disse-

43 3457 139 3507 rere:
169 3431 213 3504 sit
241 3431 357 3528 igitur.
