2384 4442
223 543 380 614 omnium
399 543 697 661 simplicissimus,
726 561 761 616 et
779 546 1058 639 vetustissimus3
1079 546 1144 618 imo
1174 553 1175 640 l

223 664 428 717 caeterorum
440 649 539 746 ,qui
558 675 697 718 onerosa
687 647 910 735 dicuntur,
938 643 1175 720 fundamen·

222 764 323 821 tum:
343 775 464 822 omnes
485 751 579 822 enim
597 766 797 822 contractus
818 778 958 822 onerosr
947 751 1031 822 nil
1056 752 1148 822 aliud
1174 761 1175 856 l

223 868 329 936 sunt,
349 853 417 924 nisi
435 851 732 950 pennutationes,
752 871 793 926 ut
812 881 856 925 cx
875 854 970 925 infra
989 843 1175 926 dicendis

224 953 379 1052 patebit.
407 958 486 1030 Jam
513 983 596 1028 vero
625 955 669 1028 ad
698 957 965 1073 permutationis
992 957 1175 1028 validita

222 1073 321 1143 tem,
341 1075 375 1130 et
393 1059 609 1131 honestatem
629 1086 669 1130 ea
688 1059 804 1132 omnia
833 1060 1100 1158 requiruntur,
1119 1077 1149 1130 et
1174 1049 1175 1142 l

223 1162 427 1248 sufficiunt,
454 1190 532 1260 quae
557 1161 712 1261 requiri,
739 1177 775 1234 et
802 1163 966 1234 sufficere
993 1149 1175 1236 diximus

222 1263 267 1334 ad
285 1264 520 1354 validitatem,
539 1281 574 1336 et
592 1267 809 1336 honestatem
826 1281 1015 1362 pactorum
1035 1265 1076 1336 in
1099 1294 1175 1360 ge

221 1393 317 1437 nere.
350 1367 434 1442 Non
460 1384 511 1438 est
541 1395 623 1463 ergo
653 1395 817 1453 necesse,
837 1385 877 1440 ut
906 1367 966 1438 bic
996 1368 1150 1440 ulterius

221 1469 469 1556 immoremur,
497 1469 556 1540 sed
585 1469 691 1542 satius
712 1470 777 1540 erit
795 1470 1035 1567 perscrutari,
1066 1499 1150 1569 quo·

220 1570 327 1642 modo
345 1599 364 1642 a
383 1571 531 1669 simplici
559 1599 680 1646 rerum
706 1588 766 1644 aut
797 1599 982 1670 operarum
1006 1600 1175 1682 pcrmu

222 1673 379 1760 tatione,
407 1674 566 1746 homines
585 1675 629 1745 ad
648 1675 732 1748 alios
752 1702 914 1748 onerosos
943 1692 1149 1748 contractus
1174 1683 1175 1746 ἶ

222 1776 403 1872 graduml
402 1778 543 1849 ccerint.
568 1778 642 1852 Ubi
660 1803 852 1875 paucorum
878 1777 1071 1849 bominum
1105 1781 1175 1850 est

222 1880 497 1966 societas,saeile
518 1881 760 1978 unusquisque
781 1880 927 1977 simplici
946 1907 1072 1952 rerum
1094 1897 1150 1952 aut

222 2009 408 2077 operarum
426 1983 680 2080 permutatione
695 1983 766 2052 suis
784 1983 1051 2084 necessitatibus
1072 2011 1150 2081 pro·
1174 2049 1175 2076 3

222 2084 339 2154 videre
369 2102 501 2182 potest.
540 2085 590 2158 At
619 2086 657 2156 in
686 2111 810 2180 magna
845 2087 1009 2156 societate
1043 2088 1148 2156 nimis

223 2186 408 2256 molestum
426 2190 542 2274 foret,
572 2214 655 2259 eum
673 2188 817 2281 singulis
835 2189 968 2260 vicibus
989 2217 1148 2286 quaerere

222 2305 256 2358 et
276 2287 457 2376 invenire,
487 2291 550 2388 qui
575 2291 680 2362 rebus
710 2290 776 2361 illis
804 2291 984 2377 abundet,
1015 2293 1148 2389 quibus
1174 2339 1175 2346 κ

225 2417 288 2484 ego
318 2390 509 2509 indigeo,
523 2412 558 2463 et
584 2419 725 2464 meeum
754 2393 898 2490 potine,
929 2419 1039 2490 quam
1067 2421 1150 2466 cum

223 2492 318 2581 alio,
339 2510 474 2565 etcum
500 2495 543 2565 ist
545 2523 565 2566 o
585 2495 725 2592 potius,
746 2523 850 2592 quam
880 2522 962 2566 cum
993 2495 1065 2568 alio
1097 2526 1147 2592 ge

225 2624 309 2669 nere
328 2597 411 2670 velit
427 2625 504 2670 suas
520 2625 574 2668 res
594 2615 732 2713 permut
734 2626 799 2669 are.
821 2595 915 2670 Aust
903 2615 937 2670 to
957 2597 1070 2692 igitur
1090 2601 1147 2672 lto
1174 2615 1175 2626 *

223 2700 361 2775 minum
379 2728 525 2772 numero
556 2700 730 2798 sapienter
756 2700 897 2774 inventa
916 2717 967 2772 est
995 2703 1150 2798 pecunia

225 2805 420 2876 communis
447 2831 611 2876 mensura
637 2803 855 2902 pretiorum,
882 2819 917 2876 et
942 2829 1084 2877 merces
1117 2834 1147 2878 o·

223 2932 323 2977 mnes
353 2925 600 3003 representans
628 2962 636 2993 ,
665 2933 742 3003 quae
771 2905 903 2978 idcireo
929 2934 972 2978 ex
1003 2910 1149 2980 materia

224 3008 321 3078 valde
342 3010 450 3080 solida
469 3029 503 3080 et
531 3008 681 3080 durabili
708 3009 905 3096 conflatur,
940 3037 986 3080 ne
1009 3029 1148 3083 contre-

225 3109 374 3180 ctatione
394 3128 585 3199 atteratur,
614 3129 647 3183 et
666 3110 883 3208 potissimum
902 3137 944 3183 ex
963 3111 1006 3182 iis
1026 3115 1146 3186 metal-

224 3210 291 3297 lis,
322 3239 474 3308 quorum
499 3243 573 3285 non
603 3215 734 3285 multus
754 3213 792 3284 in
821 3215 975 3286 humana
1004 3217 1081 3289 vita
1101 3231 1145 3290 est

224 3342 330 3401 usus,
355 3330 394 3385 ut
414 3315 545 3410 exiguae
575 3315 761 3414 quantitati
790 3317 895 3413 possit
913 3317 1042 3411 ingens
1075 3349 1144 3417 pre-

224 3418 314 3492 tium
333 3417 506 3513 assignari.
539 3417 686 3490 Certum
711 3419 814 3489 etiam
843 3419 980 3516 pondus
1003 3423 1145 3494 cuilibet

198 3584 201 3595 .
224 3522 382 3617 pecuniae
402 3520 528 3619 speciei
547 3521 737 3608 tribuitur,
766 3549 811 3592 ne
840 3548 922 3592 cum
950 3521 1083 3598 damno
1103 3525 1144 3596 al-

224 3625 391 3698 terutrius
411 3624 646 3697 contrahentis
666 3623 881 3700 adulterinus
900 3625 967 3698 fiat.
