2384 4442
817 420 860 487 1!
871 444 884 486 1

17 513 130 584 ternis
163 512 369 599 tividiores,
399 514 454 585 vel
484 514 667 589 debiliores
700 462 940 636 impressiones

16 616 153 687 fiunt
142 642 181 685 m
213 643 340 711 organa
369 642 561 708 sensuum3
595 645 626 691 α.
651 620 885 715 hujusmodi
875 648 941 692 un·

16 718 218 815 pressiones
259 718 301 789 ed
339 735 472 816 partem
509 676 644 791 cerebri
679 722 935 819 principalem,

15 848 94 919 quae
126 821 226 891 sedes
254 837 303 891 est
330 822 480 908 anime,
510 822 719 895 deferuntur
755 850 941 895 nervorum

18 952 83 1021 ope
111 980 121 1009 ,
155 923 218 1020 qui
245 948 364 995 omnes
392 951 410 994 e
442 924 584 995 cerebro
604 926 816 1022 prodeuntes
834 925 872 995 in
890 944 941 996 to·

14 1043 93 1096 tum
114 1024 246 1097 deinde
267 1052 391 1123 eorpus
411 1026 689 1120 diffunduntur3
721 1030 752 1099 3.
778 1028 812 1098 vi
841 1044 942 1107 natu·

15 1129 97 1199 ralis
119 1156 242 1199 nexus
268 1128 416 1201 animam
444 1129 535 1199 inter
555 1147 588 1200 et
609 1158 734 1229 eorpus
753 1157 772 1201 a
792 1128 870 1201 Deo
888 1130 942 1201 in·

15 1230 131 1301 stituti
161 1230 345 1317 notiones,
376 1232 640 1329 perceptiones,
671 1233 883 1304 sensationes
901 1231 942 1305 il·

14 1332 54 1403 lis
75 1333 365 1429 impressionibus
396 1351 636 1406 consentanee
660 1334 698 1406 in
717 1335 831 1406 errima
850 1335 942 1405 exei-

14 1452 140 1506 tantur
167 1464 176 1525 3
198 1439 230 1526 4.
251 1435 371 1507 anime
391 1436 615 1532 cogitationes
645 1436 945 1533 nutus,i1nperia

15 1538 47 1607 vi
68 1538 234 1633 ejusdem
264 1564 373 1611 nexus
404 1556 672 1614 consentaneam
698 1539 736 1611 in
755 1538 942 1637 principali
991 1536 995 1543 ’

17 1640 160 1715 cerebri
178 1657 273 1737 parte
292 1640 551 1759 impressionem
574 1642 797 1740 producunt3
831 1642 863 1716 5.
882 1642 944 1713 de-

17 1745 130 1843 nique
166 1770 254 1813 nova
284 1744 396 1814 haee
386 1745 563 1842 impressio
593 1771 782 1817 nervorum
803 1770 867 1841 ope
885 1771 942 1815 va·

17 1848 76 1917 riis
110 1846 267 1965 corperis
297 1846 450 1943 partibus
482 1848 792 1934 communicatur,
817 1848 942 1917 varios·

18 1978 87 2047 que
110 1948 154 2020 in
174 1947 215 2019 iis
241 1966 355 2019 motus
383 1950 534 2036 excitat,
557 1978 646 2049 quos
672 1978 745 2021 non
774 1975 941 2047 semper,

17 2052 90 2123 irno
120 2078 191 2121 nee
220 2051 461 2147 impressiones
492 2006 534 2123 iri
560 2081 595 2124 se
626 2053 787 2124 excitatas
806 2053 849 2124 ab
875 2050 943 2122 iltis

15 2170 204 2228 momento
222 2154 384 2253 temporis
404 2170 515 2252 potest
533 2157 648 2227 anima
665 2156 868 2241 immutare,
882 2170 943 2225 aut

17 2260 157 2330 sedare.
186 2254 279 2329 Cum
306 2258 399 2329 enim
424 2286 468 2330 ex
498 2258 599 2331 dictis
625 2258 709 2331 tales
731 2276 880 2343 motus,
908 2274 944 2328 et·

17 2359 270 2479 impressiopes
298 2386 340 2432 ex
367 2360 616 2444 vehementiori
643 2360 780 2447 cordis,
805 2360 944 2475 sangui—

15 2466 88 2551 nis,
115 2479 152 2534 et
172 2463 356 2561 spirituum
375 2463 576 2535 animalium
601 2462 832 2533 commotione
853 2462 945 2534 exci-

15 2586 171 2651 tentur,
199 2565 357 2662 vigeant,
377 2582 411 2638 ct
436 2566 719 2649 confirmentur,
739 2563 888 2633 donee
879 2578 943 2632 rste

18 2667 216 2743 commotio
233 2686 364 2786 cesset,
383 2667 624 2764 impressiones
654 2619 777 2737 eoriem
805 2690 945 2761 prorsus

16 2774 132 2845 modo
166 2772 365 2887 cogitationi
393 2786 519 2841 nostrae
548 2784 732 2867 praesentes
768 2781 944 2849 manent,

14 2906 91 2977 quo
116 2873 171 2945 illi
188 2874 367 2971 presentia
386 2889 468 2944 sunt
488 2873 623 2969 objecta
642 2868 840 2985 sensibilia,
859 2820 946 2937 duni

14 2994 138 3076 agunt
164 2976 201 3045 in
214 3004 347 3093 organa
377 3000 551 3047 sensuum
582 2973 627 3047 Et
653 2924 946 3071 querbadmbdum

9 3084 192 3165 animus,
212 3080 326 3177 inquit
347 3077 547 3165 Cartesius,
567 3102 651 3148 cunr
676 3075 774 3147 valde
794 3090 945 3146 attentus

15 3204 70 3258 est
105 3134 209 3254 alteii
236 3182 374 3256 cuidam
396 3182 471 3267 rei,
500 3196 613 3278 potest
632 3206 667 3251 se
705 3178 865 3251 cohibere
902 3178 946 3249 ab

14 3285 206 3361 audiendo
245 3311 347 3383 parvo
384 3283 562 3381 strepitu,
601 3300 661 3353 aut
694 3308 796 3380 parvo
827 3280 945 3352 dolore

13 3388 240 3475 sentiendo,
275 3387 334 3457 sed
361 3412 433 3459 non
462 3402 574 3483 potest
609 3385 684 3483 pari
712 3385 844 3457 ratione
873 3383 946 3451 effi-

14 3523 105 3569 cere
124 3549 133 3581 ,
155 3492 243 3592 quin
262 3490 378 3563 audiat
396 3489 549 3561 tonitrua
562 3544 571 3577 ,
583 3489 646 3561 ‘vel
664 3489 789 3581 sentiat
806 3486 945 3579 ignem,
