2384 4442
216 597 255 666 in
272 595 367 666 idem
384 591 551 691 placitum
570 613 761 664 consensus
780 591 897 690 aliquo
916 593 1078 666 sensibili
1096 595 1140 668 si·

218 725 286 793 gno
305 696 520 783 declaratus,
539 712 574 766 et
591 695 782 792 perfectam
800 694 838 766 in
857 724 931 768 uno
952 698 1079 770 saltem
1098 726 1140 770 ex

216 801 283 872 illis
302 798 548 895 obligationem
566 797 763 896 producens
783 816 926 896 pactum
953 801 1062 896 vulgo
1084 829 1141 898 ap·

218 903 487 1003 pellatur,cujus
504 900 671 973 naturalis
691 901 837 974 effectus
857 918 897 974 ut
916 931 959 972 ex
978 903 1055 999 ipsa
1083 905 1144 975 de·

216 1006 376 1080 finitione
394 1006 525 1104 liquet,
548 1005 702 1102 perlecta
722 1019 773 1074 est
792 1004 955 1099 obligatio
975 1005 1013 1075 id
1033 1033 1140 1078 omne

148 1176 155 1194 ,
219 1109 457 1208 adimplendi,
486 1108 526 1179 in
554 1107 651 1207 quod
680 1107 921 1205 unusquisque
949 1110 1146 1181 consensit.

219 1212 318 1308 Quid
326 1212 421 1286 enim
427 1211 588 1283 humane
601 1207 682 1282 fidei
693 1209 799 1304 magis
809 1236 1021 1304 congruum,
1031 1239 1145 1309 quam

217 1341 434 1402 essersene,
453 1341 530 1414 quae
549 1329 672 1386 mutuo
690 1311 865 1410 placuere.
890 1312 964 1384 lmo
984 1314 1077 1410 quid
1097 1315 1143 1385 ad

217 1419 418 1492 societatem
436 1417 528 1489 inter
545 1415 705 1488 homines
716 1415 936 1486 retinendam
947 1415 1058 1510 magis
1079 1445 1143 1488 ne-

217 1520 432 1593 cessarium?
458 1517 642 1614 Siquidem
668 1532 753 1590 teste
785 1516 969 1590 Aristotele
1001 1518 1086 1592 Lib.
1114 1547 1144 1591 1.

217 1621 366 1694 Bethor.
376 1620 529 1722 Cap.15.
538 1620 680 1692 sublatis
699 1620 808 1718 pactis
823 1624 912 1718 (qua
931 1621 1092 1717 profecto
1115 1623 1147 1692 si

217 1725 409 1824 perfectam
427 1722 673 1818 obligationem
687 1749 761 1794 non
780 1723 1038 1819 producerent,
1059 1723 1150 1794 inu-

216 1828 290 1899 tilia
309 1828 446 1924 lorent)
471 1825 603 1898 tollitur
622 1826 713 1898 inter
733 1853 768 1896 se
786 1853 871 1898 usus
890 1823 1087 1899 hominum.

322 1933 358 2027 §.
380 1926 464 2029 295.
483 1929 527 2002 In
545 1928 748 2000 definitione
769 1945 886 1999 autem
904 1927 1078 2015 dixirnuS,
1099 1957 1144 2003 ex

216 2033 326 2130 pactis
348 2032 388 2103 in
414 2058 488 2104 uno
518 2031 639 2103 saltem
668 2031 920 2128 paciscentium
945 2031 1143 2126 perlectam
1188 2111 1189 2114 Ἴ

219 2135 466 2228 obligationem
495 2133 601 2220 oriri,
628 2134 710 2231 quia
737 2149 837 2230 pacta
865 2133 1073 2205 dividuntur
1100 2136 1141 2206 in
1188 2117 1189 2211 l

221 2252 420 2308 contractus
440 2236 559 2306 stricte
578 2252 758 2333 sumptos,
779 2235 840 2333 qui
867 2234 958 2307 ultro
979 2235 1143 2334 citroque

220 2338 467 2435 obligationem
483 2338 626 2435 pariunt
649 2342 710 2436 (ut
729 2339 873 2434 emptio,
892 2338 1071 2424 venditio,
1092 2339 1145 2410 lo·

222 2441 335 2529 catio,
362 2440 552 2512 conductio
570 2457 636 2512 etc.
650 2441 684 2538 l,
705 2457 738 2511 et
757 2441 794 2512 in
813 2467 908 2512 mera
926 2457 1026 2538 pacta
1044 2441 1143 2515 ultro

218 2542 399 2616 dumtaxat
417 2543 545 2616 citrove
570 2543 757 2637 obligantis
793 2546 855 2640 (ut
884 2543 1029 2640 simplex
1061 2571 1144 2641 pro-

220 2647 336 2719 missio
355 2647 410 2719 vel
429 2645 571 2719 donatio
590 2673 611 2716 a
629 2644 867 2743 promissario,
887 2645 942 2718 vel
958 2646 1144 2719 donatario
1186 2731 1187 2736 ἵ

219 2751 419 2850 acceptata)
434 2805 445 2838 ,
463 2776 541 2849 quae
567 2748 1041 2822 idcirco'semi·eontractus
1067 2750 1145 2838 ‚vel
1186 2753 1187 2830 J

222 2853 326 2926 etiam
345 2869 545 2926 contractus
562 2851 630 2923 late
651 2851 779 2948 sumpti
799 2851 1026 2950 appellantur.
1186 2843 1187 2854 ¹

325 2959 358 3052 S
381 2955 466 3054 296.
485 2955 621 3028 Verum
645 2955 899 3053 cujuscumque
926 2954 1062 3050 generis
1083 2983 1144 3054 pa·

219 3073 318 3128 otum
335 3074 376 3129 ut
394 3059 583 3155 perfectam
602 3057 848 3152 obligationem
858 3057 1002 3129 inducat
1021 3060 1146 3156 requi·

217 3158 478 3256 ritur:1.,qu0d
497 3187 687 3232 consensus
701 3161 879 3256 objectum
896 3161 935 3230 in
953 3160 1140 3234 individuo

218 3261 263 3332 sit
280 3259 421 3357 physice
440 3289 481 3332 ac
506 3262 682 3334 moraliter
700 3262 883 3360 possibile,
901 3264 970 3335 boc
999 3280 1052 3334 est
1071 3293 1140 3336 nec

219 3362 378 3463 physicas
396 3364 648 3461 paciscentium
666 3365 754 3437 vires
775 3366 918 3437 excedat
931 3421 940 3453 ,
952 3393 1021 3437 nec
1042 3386 1141 3440 ante·

217 3467 367 3540 rioribus
387 3467 589 3540 eorumdem
609 3468 730 3540 officiis
749 3467 803 3540 vel
821 3495 901 3566 erga
920 3467 1065 3558 Deum,
1084 3471 1144 3543 rel

221 3597 300 3665 erga
319 3597 378 3658 se,
396 3569 453 3642 vel
476 3597 557 3666 erga
584 3571 668 3642 alios
700 3588 905 3668 opponatur.
932 3570 1141 3670 Requiritur

223 3672 362 3770 2.quod
381 3700 571 3750 consensus
582 3673 732 3746 exterior
750 3673 794 3746 sit
811 3673 969 3750 interiori
989 3677 1144 3776 conjun-
