2384 4442
301 440 346 515 72

244 516 336 594 Nam
348 544 390 590 ex
409 509 729 599 cambiomanuali,
749 536 810 584 seu
821 509 960 582 minuto
979 509 1160 608 licitepro

241 621 304 694 cul
333 619 441 693 dubio
460 616 610 713 exigitor
636 615 777 687 lucrum
794 614 1017 686 moderatum
1045 639 1161 686 secun·

243 723 331 798 dum
340 723 433 819 leges
443 777 453 809 ,
465 736 525 792 aut
537 717 996 806 consuetudineslocorum,
1010 717 1068 790 vel
1079 742 1161 788 com·

242 852 390 902 munem
414 823 607 922 peritorum
633 821 893 894 extimationem
910 821 1050 892 ratione
1079 819 1162 893 labo·

243 929 291 1004 ris
311 946 346 1002 et
364 954 477 1028 operar
494 927 533 998 in
552 923 824 1025 conquirendis,
844 923 1118 1010 coacervandis,
1137 940 1165 994 et

244 1031 483 1106 custodiendis
502 1029 643 1102 diversis
661 1044 881 1100 monetarum
898 1028 1111 1126 speciebus3
1129 1053 1165 1098 ex

246 1135 381 1209 cambio
399 1161 480 1208 vero
498 1131 623 1220 locali,
642 1158 704 1203 scu
716 1158 778 1228 per
796 1131 925 1204 litteras
944 1131 1166 1212 rationetra·

244 1239 407 1337 iectionis
424 1235 550 1323 realis,
579 1234 635 1309 vel
653 1233 806 1308 virtualis
834 1235 994 1333 pecuniae
1016 1234 1063 1308 de
1096 1235 1166 1306 loco

245 1341 284 1414 in
313 1340 458 1428 locrnn,
492 1338 551 1412 cui
577 1337 776 1436 trajectioni
810 1337 979 1410 faciendae
1010 1347 1181 1438 campsor

246 1469 386 1542 operam
404 1468 502 1515 suern
519 1440 611 1514 locat
630 1457 789 1538 suscepto
820 1439 858 1514 in
878 1469 913 1516 se
934 1442 1036 1528 omni
1054 1443 1166 1516 labore

245 1564 282 1618 et
299 1545 478 1644 periculo:
495 1571 573 1643 quae
584 1543 728 1642 quidem
746 1571 872 1642 opera,
890 1545 1014 1633 labor,
1036 1561 1074 1618 et
1085 1545 1167 1644 peri·

247 1647 395 1722 culum
385 1674 424 1718 m
443 1647 586 1744 gratiam
604 1647 744 1720 alterius
768 1664 925 1746 suscepta
944 1665 1032 1720 sunt
1059 1649 1181 1746 pretio,

247 1749 466 1826 aestirnabilia.
494 1748 606 1822 Sed
595 1776 667 1847 Jam
692 1767 828 1848 tempus
848 1768 920 1839 cst,
938 1767 981 1824 ut
998 1752 1104 1826 unde
1124 1752 1181 1826 di

247 1850 646 1942 acessimus,redeamus.
1180 1881 1181 1896 2

351 1959 385 2054 §.
407 1959 493 2050 314.
512 1956 619 2030 Plura
630 1955 801 2055 quidemn
814 1955 1098 2032 Protestantibus
1111 1919 1181 2058 proi

245 2085 361 2133 usurae
371 2060 554 2132 moderatae
565 2059 767 2132 defensrone
778 2078 1035 2156 congeruntur
1044 2082 1181 2161 partior}

246 2188 290 2236 ex
315 2159 466 2234 naturali
491 2163 648 2250 ratione,
678 2163 804 2262 partim
828 2190 871 2235 ex
889 2165 993 2238 sacris
1021 2167 1165 2251 litteris,

245 2264 372 2364 partim
391 2264 543 2364 denique
563 2294 606 2339 ex
624 2264 721 2364 praxi
740 2266 897 2340 omnium
924 2268 996 2340 sere
1022 2270 1166 2388 Ροριι1ο-

246 2393 338 2440 mm.
359 2366 433 2440 Sed
459 2369 575 2442 omma
594 2369 755 2442 facillime
786 2369 980 2444 diluuntur.
1010 2373 1053 2444 Si
1074 2374 1166 2446 enim

247 2470 349 2544 nohis
376 2471 543 2569 objiciant
569 2472 673 2546 verba
692 2472 750 2544 illa
776 2471 846 2544 Dei
871 2473 1013 2548 nomine
1036 2475 1165 2548 adh

245 2573 420 2648 braeorum
436 2575 607 2673 populum
630 2575 762 2650 directa
780 2577 890 2649 Dent.
912 2579 969 2652 23.
993 2579 1089 2654 Ver.
1115 2607 1165 2678 19.

246 2709 267 2748 ιι
290 2677 374 2752 Non
400 2678 622 2752 soenerabcris
641 2678 739 2752 fratri
756 2696 818 2752 tuo
845 2679 890 2752 ad
907 2707 1078 2772 usuram,
1110 2683 1164 2756 sed

245 2780 360 2855 alieno
372 2813 410 2856 ιι,
433 2782 570 2856 Omissa
586 2783 811 2881 responsione
832 2781 1007 2858 Ambrosii
1026 2813 1095 2888 qut
1088 2788 1165 2858 'La'

197 2973 202 2980 ξ
247 2883 315 2957 bro
330 2887 376 2959 de
389 2885 505 2960 Tobia
525 2887 616 2989 Cap.
632 2885 664 2961 5.
676 2886 743 2962 ait:
756 2918 771 2958 ιι
787 2885 876 2983 Quis
895 2905 967 2960 erat
985 2905 1075 2962 tunc
1091 2891 1164 2964 alie·

246 2987 473 3082 nigena,nis1
462 2988 681 3077 Amalech,
692 2989 760 3062 nisr
750 2989 1163 3110 Ainorrhaeus,n1s1bo

246 3089 335 3161 stis?
354 3090 412 3164 Ab
430 3093 490 3165 illo
509 3120 652 3190 usuram
670 3092 790 3191 exige,
810 3095 869 3168 cui
885 3096 1008 3169 merito
1037 3125 1163 3171 nocere

246 3189 427 3266 desideras.
449 3193 547 3269 Cui
536 3213 628 3294 Juste
652 3197 689 3269 in
691 3199 853 3272 seruntur
871 3226 986 3288 arma,
1013 3202 1103 3278 huic
1121 3203 1164 3274 le·

248 3293 366 3416 gitime
385 3296 606 3374 inducuntur
623 3329 767 3378 usura.
786 3302 899 3378 ..Ab
926 3304 994 3378 hoc
1022 3332 1162 3378 usuram

246 3401 388 3522 accipe,
418 3428 524 3500 quem
541 3430 617 3476 non
646 3405 690 3478 sit
720 3407 852 3480 crimen
873 3407 1045 3482 occidere.
1076 3409 1161 3506 Ergo

246 3505 337 3577 ubi
326 3532 383 3605 Jus
401 3504 509 3596 hetti,
527 3505 605 3578 ibi
594 3537 651 3607 Jus
671 3509 774 3585 etiam
792 3537 960 3601 usurae».
982 3511 1093 3609 Quod
1119 3532 1161 3586 ta·
