2384 4442
874 520 889 565 1

44 590 278 686 stinguendum
295 592 353 663 hic
373 591 519 665 arbitror
538 592 630 665 inter
649 611 745 667 actus
765 518 945 686 dividuos,

44 712 71 767 et
94 694 283 765 individuos
307 750 316 782 ‚
344 710 448 793 atque
476 696 621 794 insuper
650 698 944 788 examinandum,

45 824 119 868 num
137 812 274 892 agentes
293 797 376 869 licet
405 798 546 895 physice
573 799 669 872 idem
694 827 767 871 non
787 803 943 897 egerint,

43 900 120 972 idem
136 917 252 971 tamen
270 899 512 989 intenderint,
531 902 586 974 vel
605 928 691 975 non.
711 902 822 974 Actus
840 932 944 999 porro

44 1003 154 1075 dicitur
171 1003 373 1076 individuus
390 1058 399 1091 ‚
419 1005 554 1101 quoties
574 1006 639 1077 etsi
658 1003 761 1076 multi
780 1004 942 1077 edilium
993 1089 1000 1102 .

44 1122 261 1192 concurrant,
288 1107 394 1178 unius
421 1122 537 1179 tamen
565 1135 670 1206 opera
688 1108 882 1179 suffecisset
899 1108 944 1180 ad

43 1208 176 1280 eundem
194 1208 482 1306 producendum,
500 1226 539 1283 ut
558 1210 586 1281 si
605 1226 674 1283 tres
693 1210 829 1307 pulveri
845 1210 944 1308 pyrio

42 1311 141 1406 ignem
158 1312 363 1383 admoveant
376 1311 518 1385 :dicitur
529 1340 610 1386 vero
622 1312 799 1400 dividuus,
809 1312 944 1411 quoties
1020 1308 1025 1321 ’

43 1416 169 1487 effectus
181 1416 224 1485 ab
237 1442 311 1485 uno
324 1414 514 1511 productus
525 1416 580 1488 vel
591 1416 783 1514 quantitate
795 1416 850 1487 vel
861 1442 944 1513 qua·

42 1517 119 1589 litate
131 1516 248 1588 differt
261 1517 303 1588 ab
323 1517 381 1588 illo
401 1543 507 1615 quem
523 1519 608 1591 alter
627 1517 847 1616 produxit‚ut
856 1518 886 1588 si
904 1544 944 1589 u·

43 1647 96 1691 nus
111 1620 289 1691 hominem
307 1618 451 1691 funibus
471 1620 707 1717 constringat,
726 1620 813 1693 alter
829 1621 942 1692 cultro

41 1721 312 1821 perfodiat‚qu0d
332 1722 454 1821 utique
474 1724 550 1795 fieri
567 1740 694 1821 potest,
714 1724 783 1795 sive
801 1739 941 1819 agentes

40 1825 339 1911 demittendam,
359 1825 428 1897 sive
448 1852 541 1912 nou,
560 1826 621 1898 sed
638 1825 824 1897 unusvelit
839 1826 942 1897 dum·

40 1944 113 1999 taxat
130 1928 310 2000 hominem
335 1927 441 2023 ligare
465 1928 599 2000 nullam
621 1928 753 1999 habens
777 1927 943 2024 suspicio·

38 2058 126 2118 nem,
144 2032 238 2130 quod
261 2030 346 2102 alter
365 2030 524 2104 occidere
550 2031 677 2127 cogitet
704 2030 883 2103 hominem
900 2029 943 2101 ii-

39 2150 137 2228 gatum
155 2150 188 2205 et
206 2136 388 2205 inermem.
413 2134 493 2207 Jam
518 2161 599 2206 vero
618 2134 656 2206 in
674 2133 743 2205 hoo
763 2134 863 2205 tertio
882 2158 937 2205 ca·

39 2264 68 2307 su
85 2237 259 2309 dumtaxat
277 2236 371 2334 prior
389 2263 493 2331 agens
513 2236 703 2309 dummodo
726 2264 789 2333 pro
808 2237 939 2307 viribus

40 2340 211 2427 obstiterit,
239 2366 288 2411 ne
308 2338 453 2411 ulterius
472 2338 514 2409 ab
535 2365 576 2411 eo
592 2395 602 2427 ‚
620 2340 716 2437 quod
735 2340 807 2437 ipse
827 2340 943 2409 inten-

40 2441 144 2531 debat,
162 2443 335 2513 damnum
352 2441 542 2528 inferatur,
562 2468 637 2513 non
656 2442 828 2535 obligatur
838 2442 877 2511 iu
888 2467 941 2513 so-

39 2542 133 2617 lidum
158 2546 201 2618 ad
229 2544 337 2617 totius
357 2544 476 2615 damni
496 2543 838 2640 compensationem,
857 2542 939 2640 quia

40 2674 99 2719 non
118 2666 165 2721 est
183 2649 293 2721 totius
313 2647 431 2719 damni
450 2672 569 2719 caussa
587 2644 736 2715 moralis.
757 2644 941 2737 Obligatur

41 2768 139 2822 autem
157 2752 194 2822 in
223 2750 376 2824 solidum
394 2750 437 2821 ad
458 2747 776 2845 compensationem
801 2744 942 2834 damni,
967 2785 970 2789 Δ

41 2877 90 2923 seu
111 2854 245 2951 injuriae
270 2882 290 2925 a
314 2882 349 2925 se
369 2853 521 2923 intentae.
550 2849 656 2946 Quod
685 2875 767 2921 vero
796 2847 836 2919 in
864 2847 945 2919 reli·

41 2956 105 3051 quis
123 2958 259 3031 casibus
278 2982 397 3029 omnes
409 2953 608 3026 insolidum
625 2966 812 3024 teneantur
830 2950 873 3022 ad
892 2951 946 3022 in-

41 3070 160 3154 tegrum
177 3060 348 3132 damnum
366 3056 687 3155 compensandum,
718 3071 840 3153 sponte
865 3054 944 3129 fluit

42 3187 75 3233 ex
92 3164 213 3237 nostris
234 3164 278 3234 de
298 3162 524 3259 imputatione
548 3159 735 3259 principiis.

131 3270 166 3362 S.
189 3268 277 3360 334.
307 3264 471 3361 Denique
501 3280 553 3335 tot
582 3280 664 3348 sunt
695 3263 942 3361 compensatio-

42 3392 117 3442 num
141 3370 282 3456 sontes‚
310 3384 395 3467 quot
424 3367 605 3439 laesionum
630 3366 749 3463 capita.
778 3367 943 3462 Aliquem

42 3467 73 3538 in
89 3472 268 3545 intellectu
286 3470 425 3558 laesisti,
443 3470 498 3541 vel
516 3470 657 3567 potione
676 3470 846 3541 insaniam
863 3494 941 3563 pro-

43 3570 207 3665 ducente,
226 3574 281 3649 vel
310 3574 401 3648 falsis
429 3572 626 3646 doctrinis?
654 3573 698 3645 ln
724 3572 835 3673 primo
865 3597 946 3643 casu
