2384 4442
839 478 883 526 12

39 571 137 631 ctato
166 552 387 649 conjugalem
414 551 470 623 vel
500 552 655 626 celibem
673 567 830 643 statum,
857 482 961 631 etiam

38 657 160 731 invitis
196 656 396 754 parentibus
426 655 535 728 valide
570 656 771 754 amplecti,
805 662 960 756 quamvis

37 777 78 833 ut
122 759 316 858 plurimum
349 757 550 853 hujusmodi
587 758 719 857 nuptiae
754 759 856 858 culpa
884 790 960 839 non
1072 783 1077 802 ⁵

37 880 204 951 careant,
233 863 313 980 quia
338 878 496 959 parentes
522 861 729 960 plerumque
752 879 836 934 sunt
855 866 958 939 ratio-

36 919 243 1038 nabilitei
234 964 344 1037 mviti.
378 963 604 1051 Secundum,
623 964 711 1035 filios
731 965 834 1035 etiam
851 969 971 1064 ιιιιιῇοχ

37 1096 174 1140 rennes
202 1066 231 1139 si
260 1066 406 1139 eandem
425 1092 508 1137 eum
535 1084 632 1165 patre
659 1066 823 1137 familiam
850 1068 960 1143 velint

37 1171 280 1259 constituere,
310 1167 580 1243 obedientiam
570 1198 609 1239 m
638 1170 679 1240 iis
710 1170 871 1241 omnibus
899 1200 959 1269 pa·

36 1275 82 1345 tri
110 1274 264 1360 debere,
293 1300 369 1371 quae
396 1287 528 1343 rectam
564 1272 701 1343 samiliae
739 1272 957 1369 gubernatio·

38 1402 125 1447 nem
156 1375 362 1473 respiciunt.

146 1481 183 1574 S
214 1477 297 1571 364
323 1476 474 1572 Quod
448 1506 475 1549 s1
493 1476 714 1573 majorennes
732 1476 794 1549 lilii
812 1494 955 1576 patema

34 1580 171 1652 familia
188 1607 326 1680 prorsus
346 1578 614 1666 excesserint,iis
632 1579 858 1654 nihilominus
877 1599 952 1656 tan-

36 1710 146 1783 quam
175 1702 252 1781 post
285 1682 403 1755 Deum
439 1683 515 1755 vitae
550 1683 749 1755 auctoribus
786 1685 957 1760 sinceram

36 1788 156 1859 adhuc
169 1786 549 1871 debentreverentiam,
561 1801 596 1857 et
615 1785 700 1879 grati
711 1787 816 1859 enirm
826 1814 958 1861 memo·

37 1891 124 1961 riam
144 1916 209 1989 pro
227 1888 374 1960 maximo
395 1886 614 1959 educationis
640 1888 821 1961 beneficio.
848 1890 956 1965 Unde

35 2020 111 2065 non
132 1991 276 2064 soluma
295 1991 412 2088 quavis
431 1991 568 2064 actione
584 1988 755 2062 abstinere
773 2008 955 2083 tenentur,

34 2122 128 2213 quae.
136 2094 384 2166 rationabiliter
410 2092 613 2192 parentibus
631 2092 811 2191 displicere
834 2096 954 2193 possit,

34 2198 128 2270 sed
117 2223 261 2295 insuper
280 2196 403 2267 iisdem
432 2195 670 2291 indigentibus
689 2224 751 2295 pro
770 2198 860 2271 virili
878 2227 955 2297 par

34 2318 67 2373 te
90 2326 319 2386 succurrere,
339 2298 493 2397 quamvis
513 2298 651 2371 sorte
628 2327 653 2370 ιι
675 2301 879 2375 morosiores
903 2330 954 2375 es-

34 2420 134 2490 sent,
154 2400 209 2474 vel
229 2401 332 2473 etiam
359 2400 518 2499 improbi.
546 2400 598 2476 Ut
618 2400 713 2472 enim
736 2404 870 2499 egregie
891 2406 951 2477 ob

33 2520 149 2577 servat
160 2504 366 2601 Epictetus
356 2531 395 2575 m
413 2502 632 2577 Encbiridio
651 2530 735 2602 cop.
758 2507 815 2604 37.
838 2506 953 2580 «Om-
1020 2594 1024 2610 Ι

33 2610 94 2680 nia
125 2607 241 2679 olficia
263 2607 395 2679 mutuis
418 2606 646 2679 relationibus
664 2621 747 2676 sunt
764 2607 952 2683 metienda.

35 2712 144 2784 Pater
175 2710 260 2782 est?
287 2709 486 2807 praecipitur
515 2734 636 2779 curam
666 2707 742 2804 ejus
768 2708 953 2803 agendam,

36 2812 239 2886 cedendum
267 2812 299 2883 ei
328 2813 367 2885 in
391 2812 581 2886 omnibus:
610 2810 639 2883 si
658 2810 898 2900 convicietur,
918 2812 947 2887 si

34 2918 218 3002 verberet,
238 2915 421 2989 ferendum
451 2940 533 2989 esse.
558 2912 607 2987 At
624 2932 722 3014 pater
746 2913 859 2987 malus
890 2932 952 2989 est.

35 3018 223 3118 Numquid
252 3034 376 3091 natura
406 3044 489 3090 cum
510 3019 604 3090 bono
623 3034 719 3117 patre
739 3017 951 3116 conjunctus

37 3122 94 3195 es?
115 3123 215 3209 Non,
227 3122 287 3193 sed
307 3147 389 3195 cum
406 3137 512 3219 patre.
533 3122 590 3194 Tu
610 3149 691 3217 ergo
702 3148 831 3195 munus
849 3138 952 3197 tuum

37 3252 119 3319 erga
138 3251 221 3297 eum
238 3240 357 3311 tuere,
383 3252 449 3296 nec
469 3222 554 3322 quid
583 3223 641 3294 ille
661 3242 736 3320 agat
757 3227 952 3315 considera,

38 3328 98 3399 sed
137 3325 265 3426 quibus
303 3328 406 3399 rebus
444 3324 584 3421 agendis
621 3342 724 3399 tuum
751 3330 951 3401 institutum

36 3447 171 3502 naturae
189 3432 350 3501 luturum
368 3429 411 3501 sit
430 3444 744 3505 consentaneum».
767 3432 843 3505 Nec
863 3456 946 3526 pre·

39 3533 251 3607 tereundum
269 3530 356 3605 illud
389 3530 532 3605 Senecae
551 3532 630 3606 Lib.
647 3631 649 3633 q
664 3535 696 3607 3.
720 3535 764 3607 de
793 3532 950 3630 Beneflc.
