2384 4442
289 384 359 479 ιιι

223 488 288 562 alia
318 512 398 559 vero
417 503 514 585 parte
539 487 690 557 aflectus
714 481 920 583 hujusmodi
947 481 1141 557 solertiores

222 618 286 663 nos
315 590 475 663 efficiunt
502 588 548 661 ad
571 590 646 660 haec
674 588 767 660 hona
795 587 851 659 vel
882 587 1143 675 conservanda,

222 693 277 769 vel
304 692 541 791 acquirenda,
571 692 658 763 dum
676 708 798 763 contra
823 690 853 761 si
870 690 1020 788 praefatis
1045 691 1161 769 bonis,

222 795 426 869 nullatenus
444 794 603 867 homines
622 811 872 889 tangerentur,
887 810 949 865 aut
966 820 1142 866 moreren-

191 978 194 987 ,
223 916 305 985 tur,
321 897 459 970 nullam
473 898 517 969 de
536 898 578 969 iis
598 924 719 969 curam
736 898 906 968 heberent
920 922 1005 967 cum
1024 897 1143 991 gravis·

222 1002 309 1073 simo
337 1002 496 1073 humanae
524 1001 695 1073 societatis
721 1000 942 1071 detrimento.
973 1000 1104 1071 Itemt
1091 1016 1143 1071 tot

219 1105 314 1177 inter
317 1104 486 1220 pericula
505 1104 669 1201 physica,
692 1120 728 1175 et
754 1103 918 1188 moralia,
948 1102 1113 1199 quibus
1102 1129 1140 1173 m

218 1204 287 1279 hac
314 1207 383 1278 vita
402 1206 685 1292 circumdamur,
713 1207 862 1277 allectus
881 1158 990 1277 elficit
1019 1204 1143 1302 procul

221 1308 357 1397 dubio,
376 1325 416 1381 ut
435 1326 603 1407 perpetuo
620 1309 666 1379 ad
685 1308 744 1379 illa
761 1306 929 1403 fugienda
951 1306 1141 1402 vigilemus.

221 1410 306 1483 Ira
296 1439 440 1509 insuper
463 1414 564 1509 (quae
593 1411 771 1509 personale
791 1411 937 1496 odium,
968 1426 1001 1481 et
1031 1410 1143 1481 vindi-

221 1530 286 1587 ctae
309 1513 519 1588 desiderium
539 1513 724 1610 excludat)
755 1541 829 1584 non
848 1538 972 1610 parum
999 1512 1141 1609 prodest

222 1616 266 1687 ad
284 1616 429 1712 injustas
448 1617 680 1713 malignorum
704 1616 889 1688 hominum
906 1616 1140 1711 aggressiones

219 1718 478 1817 propulsandas.
499 1720 641 1806 Pudor,
671 1747 778 1818 quem
803 1748 846 1791 ex
873 1718 984 1816 pravis
1014 1719 1138 1789 nostris

220 1822 416 1895 actionibus
437 1823 657 1939 experimur,
679 1823 825 1894 mirifice
844 1821 987 1892 inservit
1014 1821 1061 1891 ad
1079 1848 1139 1892 nos

221 1926 265 1995 ab
292 1924 431 1999 illarum
450 1926 655 2023 repetitione
685 1925 898 1997 avertendos.
924 1922 1015 2020 Spes
1046 1923 1140 1996 deni·

220 2054 316 2124 que,
336 2043 377 2098 ut
395 2028 477 2099 alios
496 2028 643 2099 affectus
662 2028 842 2114 omittam,
869 2027 908 2097 in
937 2026 1047 2122 hujus
1066 2027 1138 2097 rite

219 2128 366 2199 miseriis
386 2155 459 2199 non
478 2146 603 2225 parum
620 2157 684 2199 nos
703 2147 856 2215 recreat,
875 2143 912 2200 et
936 2128 981 2200 ad
1004 2128 1137 2201 virtutis

219 2230 374 2327 quamvis
404 2230 520 2301 arduae
550 2230 756 2303 exercitium
784 2232 1026 2303 indesinenter
1057 2232 1137 2303 exti-

217 2330 335 2403 mulat.
356 2331 458 2405 Patet
477 2360 584 2427 erg0,
614 2334 761 2406 allectus
785 2334 957 2407 aratione
988 2333 1137 2405 directos

217 2450 252 2505 et
279 2434 454 2507 ordinatos
485 2435 651 2507 utillimos
676 2464 758 2509 esse.
790 2436 882 2509 Boni
909 2436 1079 2535 quidem,
1106 2454 1137 2507 et

215 2537 297 2609 mali
324 2538 431 2633 judex
462 2554 512 2631 est
540 2539 653 2631 ratio;
683 2556 719 2611 at
737 2540 799 2611 uhi
826 2540 913 2611 ratio
931 2535 976 2610 d'e
998 2539 1137 2637 ubjecti

214 2638 370 2712 bonitate
399 2642 453 2712 vel
481 2640 610 2711 malitia
639 2643 848 2713 sententiam
873 2642 979 2729 tulit,
1009 2642 1136 2713 rationi

215 2744 456 2839 prestolantur
483 2746 629 2815 allectus
648 2745 806 2841 ejusdem
822 2744 965 2817 rationis
989 2742 1136 2843 imperio

215 2846 442 2940 gubernandi
481 2844 573 2917 Hinc
613 2846 643 2917 si
682 2848 859 2943 objectum
890 2846 1034 2944 aliquod
1074 2875 1134 2919 nos

216 2974 267 3019 ex.
288 2976 336 3043 gr.
363 2949 587 3022 admiratione
607 2950 796 3045 percellat,
825 2950 913 3021 ratio
932 2950 1068 3045 jubet,
1097 2968 1135 3021 ut

213 3048 302 3119 illud
322 3052 444 3145 majori
462 3053 652 3125 attentione
672 3052 975 3149 contemplemur,
1003 3080 1049 3125 ex
1068 3080 1133 3152 qua

213 3152 548 3249 contemplatione
523 3183 551 3225 ει
572 3156 708 3227 honum
725 3172 909 3253 appareat,
928 3155 996 3242 lit,
1024 3172 1069 3226 ut
1095 3155 1132 3225 il·

210 3252 276 3325 lud
295 3280 473 3341 amemus,
494 3274 528 3327 et
546 3285 814 3357 prosequamur,
833 3258 962 3331 sivero
982 3257 1131 3342 malum,

125 3360 127 3363 ’
214 3356 293 3431 odio
312 3310 498 3431 haheamris
518 3376 552 3431 et
567 3361 747 3457 fugiamus.
