2384 4442
821 486 893 563 135

47 626 89 670 sas
100 625 118 669 a
129 595 266 669 domino
283 594 388 665 factas
407 594 561 691 ipsorum
579 591 719 664 intuitu.
739 590 946 666 HincExo·

47 703 77 773 ti
95 728 147 771 21.
162 698 207 773 V.
229 702 261 792 4.
281 697 324 768 de
345 724 440 768 servo
460 694 599 767 dicitur.
622 694 719 765 «Sin
739 711 855 769 autem
871 693 944 766 Do-

46 804 147 875 minus
173 800 306 873 dederit
324 799 374 870 illi
394 825 562 885 uxorem,
593 814 628 869 et
657 795 829 894 pepererit
857 795 944 867 filios

48 925 75 978 et
97 906 203 992 filias,
231 902 356 975 molior
383 919 417 975 et
442 901 542 973 liberi
576 901 653 997 ejus
683 914 787 970 erunt
815 895 949 969 domini

48 1009 92 1081 sul
113 1009 207 1105 (1)».

112 1149 146 1215 (1)
165 1142 241 1199 Bene
255 1154 351 1198 monet
362 1144 488 1209 Herum,
502 1140 654 1197 hominum
670 1138 846 1205 servitutem,
862 1135 946 1213 quid·

49 1218 109 1294 quid
122 1217 262 1287 bartolus,
277 1218 424 1287 salicetus,
439 1218 543 1293 aliique
558 1212 802 1289 dicunt,rcligioni
812 1211 948 1270 Christia-

49 1314 83 1348 nae
104 1314 159 1349 non
185 1292 335 1349 advorsari.
356 1293 511 1370 Apostolus
537 1290 613 1347 enim
637 1288 764 1355 Paulus,
789 1308 948 1364 numquam

48 1368 171 1424 Dominus
194 1367 353 1437 hortatur,
376 1382 409 1424 ut
434 1366 592 1425 dominium
620 1364 650 1420 in
680 1384 776 1421 servos
793 1362 944 1438 <abjiciant

48 1444 98 1499 Nee
110 1442 266 1499 Philemoni
285 1443 506 1500 controversiam
525 1452 638 1507 movet,
659 1435 813 1514 quominus
831 1442 876 1515 jus
897 1438 947 1494 ha-

49 1518 106 1574 beat
142 1519 308 1575 Onesimum
331 1518 495 1593 puniendi,
520 1516 570 1573 sed
599 1534 636 1573 ex
661 1513 828 1591 specialibus
862 1513 946 1572 ratio·

49 1592 122 1647 nibus
144 1593 205 1649 vult
226 1590 251 1649 ei
278 1613 391 1669 poenam
426 1591 612 1658 condonari,
646 1602 679 1646 ut
708 1603 785 1647 recte
817 1590 949 1646 observa-

50 1667 84 1723 rit
97 1668 214 1723 Grotius.
233 1670 270 1723 Et
289 1667 415 1743 Ignotius
434 1670 508 1723 Mart
529 1688 544 1722 r
560 1666 666 1721 Joanni
678 1664 818 1741 Apostolo
839 1684 950 1739 suppar

51 1746 172 1815 Epistola
193 1762 216 1798 2.
240 1762 306 1817 quoe
331 1754 374 1800 est
397 1746 438 1799 ad
461 1690 656 1817 Polycarpum
682 1744 793 1814 Smyrn.
825 1744 950 1812 Episco-

49 1837 106 1889 pum
124 1818 177 1874 ait.-
198 1846 211 1872 «
234 1818 350 1886 Servos,
369 1830 400 1875 et
419 1817 532 1876 ancillas
556 1838 593 1873 ne
617 1815 739 1890 superbe
763 1827 948 1881 contemnas,

51 1891 92 1947 sod
108 1913 155 1950 nee
181 1893 233 1971 ipsi
254 1892 405 1958 inflentur;
425 1910 525 1951 verum
546 1890 582 1946 ad
601 1890 721 1965 gloriam
735 1889 788 1944 Dei
804 1888 869 1964 plus
893 1909 950 1945 ser·

51 1965 135 2033 riam,
148 1982 178 2025 ut
193 1968 335 2045 potiorem
347 1968 507 2025 libertatem
526 1988 541 2023 a
562 1968 623 2021 Deo
643 1977 864 2039 consequantur.
880 1964 948 2019 Nou

52 2042 152 2118 cupiant
162 2043 264 2102 donari
270 2043 414 2112 libertate,
423 2063 460 2100 ne
472 2042 545 2101 servi
555 2040 739 2099 inveniantur
753 2038 914 2115 cupiditatis
924 2060 950 2093 n.

141 2228 172 2322 S
194 2227 279 2325 374.
301 2223 340 2296 Si
357 2251 439 2297 vero
457 2250 550 2296 unus
567 2224 758 2297 Parentum
776 2220 864 2291 liber
882 2218 949 2305 sit,

51 2326 123 2407 alter
139 2328 375 2425 mancipium,
402 2327 488 2424 juris
507 2325 656 2399 Romani
686 2324 829 2420 regula,
853 2320 949 2421 quotl

51 2447 152 2525 partus
180 2431 299 2505 matris
330 2430 566 2503 conditionem
596 2444 783 2526 sequatur,
814 2424 947 2496 aDivo

52 2532 171 2606 'llioma
182 2540 219 2607 in
230 2538 267 2627 4.
281 2534 373 2605 Dm.
388 2533 446 2605 36.
461 2532 590 2629 Quoest.
608 2556 638 2601 1.
652 2529 771 2599 Artic.
788 2529 817 2599 3.
831 2527 952 2624 equis-

50 2634 123 2707 simo
150 2638 344 2734 judicatur.
368 2668 383 2704 α
420 2632 513 2729 Quia
541 2632 654 2730 proles
677 2630 818 2701 aPatre
847 2628 952 2714 habet

53 2739 332 2837 complementum
350 2736 518 2822 formale,
545 2734 606 2805 sed
625 2748 769 2803 amatre
795 2729 952 2799 substan·

52 2840 124 2911 tiam
152 2842 313 2943 corporis.
335 2840 489 2913 Servitus
514 2854 631 2909 autem
654 2830 838 2931 corporalis
859 2856 953 2902 oon·

53 2940 126 3015 ditio
144 2964 218 3035 est,
249 2970 331 3018 cum
357 2970 474 3016 servus
498 2942 540 3014 sit
560 2939 658 3038 quasi
677 2938 951 3007 instrumentum

53 3044 171 3119 domini
188 3050 226 3121 in
246 3046 422 3145 operando
438 3074 448 3140 3
473 3062 507 3117 et
525 3044 604 3115 ideo
626 3040 740 3141 proles
757 3038 795 3110 in
814 3036 952 3110 liberta·

53 3162 80 3218 te
99 3167 130 3222 et
147 3152 309 3225 servitute
328 3149 485 3248 sequitur
503 3162 648 3218 matrem
670 3177 707 3215 o.

147 3258 181 3351 ἓ.
203 3252 290 3354 375.
319 3250 524 3353 AEquissima
555 3249 659 3320 etiam
685 3243 833 3318 dicenda
861 3240 956 3314 vide-

53 3368 102 3424 tur
118 3356 189 3429 haec
208 3358 274 3431 alia
292 3354 441 3429 Romani
459 3353 545 3451 juris
565 3350 764 3451 dispositio:
780 3344 953 3430 «sufficit,

53 3474 186 3531 matrem
202 3461 346 3533 liberam
363 3457 467 3531 luisse
487 3484 529 3528 eo
548 3471 725 3552 tempore,
752 3477 821 3549 quo
839 3444 953 3546 proles

54 3560 196 3635 nascitur
211 3620 220 3651 ,
238 3564 321 3637 licet
339 3561 463 3635 ancilla
483 3557 692 3657 conceperit.
712 3556 757 3628 Et
778 3581 797 3623 e
817 3563 952 3622 contra·
