2384 4442
878 492 895 536 Ῐ

63 623 73 637 .
105 555 173 682 flu)
194 555 362 612 Ecclesiast.
379 555 420 614 13.
432 558 543 635 legitur:
557 563 680 620 u‘Omne
696 561 798 620 animal
814 491 922 642 diligit9
923 566 977 624 sibi

47 646 104 682 sun
128 649 145 683 e
160 650 184 682 ».
822 677 824 694 ,

131 705 173 758 Et
191 705 340 762 Juvenalis
361 711 471 782 Satyra
494 708 535 766 15.

173 780 269 836 Parcit
288 783 415 856 cognatis
435 783 551 840 maculis
569 784 645 842 fera:
666 783 781 860 quando
800 789 891 846 Leoni

173 854 292 910 Fortior
310 856 416 932 eripuit
429 859 517 915 vitam
528 862 608 916 Leo?
619 881 678 935 quo
699 881 812 918 nemore
829 883 956 939 unquam

176 930 222 984 Ex
245 930 329 987 travit
348 952 419 1007 aper
435 935 549 1009 majoris
568 935 808 1012 dentibusapri?

173 949 274 1061 Indica
294 1005 372 1081 tigris
388 1008 437 1064 alit
456 1008 556 1064 rabida
571 1029 638 1066 cum
652 1009 752 1086 tigride
767 1031 868 1086 pacem

173 1079 362 1154 Perpetuam:
382 1084 461 1140 saevis
481 1083 557 1140 inter
575 1106 604 1141 se
624 1084 760 1142 convenit
779 1087 858 1142 ursis.

11 1162 24 1224 t
132 1153 213 1228 Ergo
225 1168 254 1212 ot
263 1155 350 1214 homo
365 1157 535 1215 naturaliter
550 1159 672 1237 diligere
685 1159 772 1216 debet
785 1161 939 1218 bominem„

352 1359 598 1438 CAPUT
650 1363 700 1436 H.

92 1565 159 1638 De
173 1565 354 1656 ‚Naturali
370 1568 567 1640 Hominum
584 1573 787 1668 aequalitate
805 1573 945 1641 ntoruli.

173 1774 206 1866 S.
229 1769 311 1864 245.
331 1773 508 1860 Societas,
531 1773 575 1844 ad
594 1799 700 1871 quam
718 1790 843 1845 natura
861 1773 981 1870 primi-

61 1888 122 1942 tus
141 1872 300 1947 homines
318 1874 497 1946 destinavit
515 1900 589 1947 non
609 1873 751 1972 politica
769 1875 836 1946 fuit
853 1891 887 1946 et
900 1873 979 1946 civi·

59 1972 102 2044 lis
118 1973 216 2071 (bac
233 1975 326 2046 enim
344 1993 383 2046 ut
401 2005 421 2047 a
441 1977 641 2050 Clarissimo
659 1977 683 2049 J
684 1977 756 2047 uris
776 1977 919 2054 Naturae
940 2003 980 2047 ao

53 2075 238 2148 Gentium
255 2077 484 2152 Antecessore
504 2078 797 2153 demonstrabitur
813 2135 821 2166 ,
842 2105 981 2150 succes·

58 2205 100 2250 su
117 2180 288 2277 temporis
305 2181 361 2252 vel·
383 2211 428 2254 ex
451 2183 653 2254 immediato
677 2181 746 2254 Dei
771 2183 896 2280 jussu,
924 2180 980 2252 vel

61 2309 103 2352 ex
114 2282 313 2355 immediata
323 2285 508 2356 hominum
520 2277 751 2357 conventione
772 2302 896 2355 natura
907 2282 981 2380 ipsa

58 2403 229 2457 monente
239 2387 439 2460 introducta
458 2387 612 2483 est),sed
622 2385 759 2458 moralis
777 2384 981 2484 aequalitatis

45 2504 95 2558 -et
113 2505 248 2560 mutuae
264 2489 550 2587 independentiae
569 2488 773 2587 (excipimus
793 2504 909 2559 tamen
921 2515 983 2558 na-

59 2592 214 2668 turalem
240 2591 513 2687 dependentiam
537 2591 811 2676 omissuro,
839 2606 874 2658 et
896 2588 985 2660 filio-

60 2719 141 2765 rum
160 2691 421 2789 aparentibus,
439 2690 484 2760 de
495 2691 622 2788 quibus
633 2691 723 2760 infra
734 2692 758 2788 ).
779 2688 872 2762 Cum
891 2690 986 2760 enim

64 2821 186 2870 omnes
207 2793 352 2866 onmino
370 2793 534 2865 homines.
560 2792 739 2890 (quamvis
758 2792 796 2862 in
822 2791 984 2864 acciden-

62 2899 192 2972 talibus
218 2897 298 2995 plus
327 2897 488 2968 minusve
524 2895 688 2968 differant
704 2896 741 2994 ),
771 2894 810 2965 in
837 2896 983 2984 essentia

68 3027 128 3072 seu
147 3017 275 3073 natura
295 3000 529 3087 conveniunt,
549 3025 669 3071 omnes
688 2999 843 3096 profecto
863 2997 984 3072 eadem

69 3103 110 3172 ab
128 3105 187 3174 illa
205 3104 284 3201 jura
300 3104 506 3201 easdemque
525 3101 749 3196 obligationes
768 3101 919 3174 hausisse
932 3102 984 3174 di·

72 3207 172 3277 cendi
183 3221 274 3278 sunt
293 3205 343 3278 At
353 3206 491 3278 moralis
503 3204 734 3304 aequalitas‚et
745 3221 867 3277 mutua
885 3205 983 3275 indo·

71 3308 258 3400 pendentia
274 3310 313 3381 in
330 3309 518 3406 juriumet
537 3307 787 3404 obligationum
804 3306 984 3378 identitate
1002 3359 1007 3369 ,

75 3409 237 3482 consistit.
267 3411 432 3506 Quamvis
462 3438 544 3506 ergo
569 3439 644 3482 non
675 3438 795 3485 omnes
824 3405 984 3478 homines

72 3512 232 3584 eamdem
256 3514 406 3586 habeant
434 3514 561 3586 virium
595 3515 793 3585 {institutam
816 3563 825 3594 ‚
852 3507 984 3601 ingenii

73 3614 327 3706 subtilitatem,
353 3616 551 3692 divitiarum
576 3616 712 3716 copiam
741 3628 836 3698 ete,⁴
865 3633 990 3683 omnes,
