2384 4442
270 420 343 471 120

215 503 320 559 tionem
335 513 391 551 non
406 512 469 553 esse
483 494 588 551 molam
603 492 756 550 seeundum
771 509 820 558 se,
837 490 893 551 sed
904 492 1000 550 solum
1013 501 1047 551 ut
1064 511 1141 568 pro·
1179 555 1180 558 ,

216 576 345 629 bibitam.

292 630 537 717 (al‘Bellarminus
557 642 620 699 Lib.
645 661 667 697 1.
689 643 726 700 de
751 644 881 699 Matrim.
907 644 982 718 Cap.
1008 661 1052 698 ιι.
1085 641 1141 697 ait:

217 748 230 775 a
246 720 363 777 llebroei
376 732 404 777 et
417 718 545 777 Gentiles
561 718 620 775 dua
637 735 742 794 genera
755 736 880 773 uxorum
891 716 1052 774 habebant:
1066 735 1145 793 quae·
1179 747 1180 780 2

216 796 283 851 dam
303 795 379 851 enim
392 794 486 853 ductae
502 807 582 851 erant
593 834 602 864 ,
614 807 644 851 et
658 793 695 850 ad
709 792 904 868 procreandos
919 792 1050 861 liberos,
1067 806 1098 850 et
1110 792 1147 847 ad
1179 797 1180 826 ³

215 871 304 928 totius
320 870 421 927 domus
437 869 675 947 gubernationem
694 909 702 937 ,
723 888 786 942 quae
804 888 929 923 uxorum
948 868 1072 925 nomine
1093 869 1145 923 bo·
1179 905 1180 922 ι

217 946 414 1014 notabantur,
429 958 458 1002 et
473 964 593 1021 quarum
616 943 668 999 filii
686 942 882 999 haereditatem
902 942 933 997 in
952 942 1056 1019 primis
1079 964 1150 1001 con·
1179 941 1180 976 ἕ

218 1020 419 1095 sequebantur.
435 1020 505 1076 Aliae
522 1033 617 1076 autem
633 1020 670 1077 ad
680 1018 754 1074 solos
770 1017 873 1075 liberos
889 1018 1092 1093 procreandos
1109 1026 1154 1073 as2
1179 1083 1180 1094 χ

219 1096 421 1165 sumebantur,
436 1108 466 1152 et
480 1096 648 1153 concubine
667 1093 904 1151 vocitabantur».

325 1226 358 1320 §.
381 1221 466 1297 355.
494 1211 615 1295 Multo
645 1221 752 1317 magis
779 1237 896 1292 autem
926 1222 1152 1295 naturalibus
1179 1265 1180 1296 r

222 1326 344 1401 officiis
363 1341 535 1425 repugnat
554 1324 718 1423 dissipare
750 1349 834 1396 cum
860 1324 1020 1423 ejusdem
1047 1352 1152 1397 sexus

222 1429 378 1528 personis
392 1484 401 1517 ,
413 1447 473 1501 aut
492 1428 610 1519 aliter,
629 1426 724 1528 quod
743 1442 868 1499 natura
886 1428 929 1500 ad
954 1427 1154 1503 humanam
1179 1447 1180 1530 p

222 1533 373 1631 speeiem
404 1532 660 1630 propagandam
691 1530 874 1605 destinavit
901 1533 984 1631 (1);
1013 1533 1082 1604 sed
1112 1531 1180 1603 ad]

230 1634 368 1735 nuptias
387 1651 610 1708 revertamur.
662 1675 668 1683 ·
1179 1631 1180 1656 ³

301 1844 338 1911 (r)
353 1838 558 1895 Absurdissime
575 1836 687 1914 scripsit
706 1836 875 1894 Tb'omasiue
885 1840 947 1893 Jur.
962 1840 1029 1894 Dio.
1050 1839 1118 1894 Lib.
1131 1836 1155 1892 3.

228 1917 349 1989 Cape,
370 1915 566 1971 Concubitum
585 1934 651 1972 cum
674 1912 790 1983 bestiis,
809 1913 1016 1991 pederastiam,
1035 1934 1157 1971 consue·

225 1990 341 2045 tudines
357 2010 441 2077 vagas
454 2030 462 2058 ,
474 2010 532 2045 uno
549 1990 637 2048 verbo
655 2007 769 2043 omnem
784 2008 868 2045 usum
883 1988 1057 2065 genitalium
1069 2008 1157 2044 mem·

224 2063 345 2119 brorum
357 2064 409 2119 soli
422 2062 536 2119 libidini
547 2064 714 2122 exercendae
729 2064 872 2121 intentum
885 2070 949 2140 jure
964 2070 1083 2120 naturae
1097 2084 1157 2118 non

227 2157 285 2193 esse
305 2137 436 2194 illicitum
455 2180 462 2207 ,
483 2138 532 2195 sed
548 2152 580 2195 ut
595 2139 709 2195 illicitus
729 2139 925 2215 intelligatur,
941 2138 1158 2195 recurrendum

227 2232 285 2267 esse
301 2212 337 2265 ad
351 2212 425 2287 leges
441 2213 576 2287 positivas
593 2215 774 2273 universales.
800 2217 900 2271 Postea
923 2228 1018 2271 tamen
1036 2214 1071 2268 in
1078 2218 1158 2269 Fun·

227 2289 301 2342 dam.
322 2291 403 2346 Iuris
424 2290 494 2343 Nat.
514 2310 549 2343 ac
573 2294 654 2345 Gent.
674 2293 737 2346 Lib.
753 2292 779 2348 3.
803 2294 876 2364 Cap.
894 2309 918 2345 a.
937 2291 999 2363 §.b
1017 2308 1046 2365 7.
1067 2308 1114 2345 21.
1131 2298 1160 2343 et
1179 2295 1180 2300 ’

228 2382 289 2437 seq.
312 2362 362 2419 has
377 2362 605 2494 r‹sarlinjunctiones
629 2384 789 2443 repugnare
816 2366 915 2423 docuit
937 2364 1088 2422 honestati
1109 2362 1160 2419 sal·

231 2450 288 2493 tem
304 2452 373 2494 natu
420 2459 434 2494 ι.

337 2639 372 2734 §.
395 2635 479 2713 356.
518 2638 615 2711 lnter
651 2666 816 2738 personas
852 2636 1158 2731 consanguinitate

231 2742 270 2811 in
289 2740 383 2813 linea
400 2759 496 2813 recta
514 2744 744 2841 conjunctas,
763 2768 889 2839 nempe
909 2741 1001 2810 inter
1019 2756 1159 2837 patrem

232 2862 267 2914 et
287 2844 417 2933 liliam,
436 2845 529 2917 inter
546 2864 692 2919 matrem
716 2863 751 2917 et
778 2844 911 2932 lilium,
939 2843 1033 2914 inter
1053 2867 1159 2913 avum
1179 2913 1180 2936 ᾖ

233 2963 267 3016 et
286 2965 452 3043 neptem,
471 2946 563 3021 inter
582 2950 692 3021 aviam
723 2966 757 3021 et
787 2964 951 3046 nepotem
979 2962 1046 3017 etc.
1066 2944 1160 3037 loeda

232 3074 361 3134 esseae
373 3052 575 3125 naturaliter
594 3052 744 3124 invalida
763 3050 1005 3137 connubia,ex
1017 3075 1061 3143 eo
1076 3049 1156 3119 satis
1179 3100 1180 3140 3

232 3166 348 3247 patet,
368 3154 463 3250 quod
482 3155 522 3228 iis
541 3173 782 3254 pervertantur
813 3149 956 3227 omnino
976 3153 1155 3223 naturales
1179 3195 1180 3204 κ

232 3252 438 3343 relationes,
458 3285 534 3355 quae
553 3278 722 3358 perpetuo
740 3261 833 3331 inter
849 3254 1056 3353 hujusmodi
1073 3282 1150 3352 per·

233 3384 332 3437 sonas
353 3386 424 3431 esse
444 3358 581 3435 debent.
609 3364 743 3436 Natura
770 3362 864 3433 enim
882 3358 1052 3431 moralem
1069 3359 1150 3429 ine-

234 3462 433 3562 qualitatem
451 3464 566 3561 posuit
584 3465 676 3539 inter
695 3484 828 3565 patrem
846 3480 881 3535 et
899 3462 1030 3549 filiam,
1061 3462 1154 3533 inter
1178 3493 1181 3592 p
