2384 4442
934 450 959 526 9

89 534 293 606 conditione
305 531 580 631 discrepantem,
600 537 668 608 sive
688 536 802 609 infans
821 537 879 607 ille
899 559 1008 634 pona·

90 656 154 708 tur
174 665 267 725 esse,
288 637 358 710 sive
377 636 470 733 justa
487 638 558 736 jam
580 657 710 712 statura
734 657 768 712 et
785 642 909 712 robore
929 666 1015 738 prae·

89 734 199 814 ditns.

193 847 228 941 §ss
250 846 335 917 228.
354 842 526 944 Denique·
538 843 899 944 Hohbesinsqunmvis
917 847 955 916 in
973 875 1009 917 o-

86 975 194 1047 pere,
214 948 274 1020 oui
292 948 415 1020 titulus
434 949 633 1022 Leviothnn
650 1007 659 1036 ‚
678 951 832 1022 fateatur·
852 949 1008 1023 homines

87 1081 108 1124 a
126 1069 254 1124 natura
266 1051 454 1124 destinatos
471 1081 544 1124 esse
565 1053 609 1124 ad
621 1053 772 1152 aliquam
785 1054 878 1125 inter
904 1081 939 1124 se
960 1081 1012 1124 so-

90 1156 254 1227 cietatem
272 1158 483 1244 habendam,
496 1157 544 1228 ait
564 1158 660 1241 enim
675 1189 704 1231 t«
720 1157 854 1232 Verum
872 1155 1013 1254 quidem

84 1277 166 1347 est,
186 1260 322 1331 homini
332 1289 396 1358 per
413 1277 588 1348 naturam,
601 1261 670 1334 sive
690 1277 863 1359 quatenus
884 1275 935 1331 est
954 1261 1015 1331 ho-

88 1392 162 1451 mo,
175 1364 267 1434 idest
285 1365 452 1435 statimne
471 1383 574 1435 natus
594 1383 644 1436 est
656 1364 880 1436 solitudinem
890 1391 1014 1462 perpe·

90 1485 189 1539 tuam
199 1467 383 1539 molestam·
400 1494 481 1539 esse.
495 1467 586 1539 Nam
596 1468 747 1540 insontes
767 1469 811 1540 ad
826 1467 1016 1540 vivendum

90 1570 209 1642 adulti
220 1571 263 1642 ad
281 1573 373 1643 bene
396 1570 584 1642 vivendum
601 1572 748 1643 aliorum
768 1599 831 1670 ope
844 1569 1013 1666 indigent.

91 1674 219 1772 Itaque
250 1675 429 1747 hominem
449 1675 601 1746 alterum
615 1675 757 1746 alterius
788 1700 1016 1768 congressum

95 1792 220 1846 natura
237 1796 383 1872 cogente
402 1796 563 1875 appetere
578 1805 673 1866 ‚non
693 1805 783 1872 nego
793 1777 1017 1850 »mihilomi-

94 1906 164 1949 nus
175 1878 253 1950 Lib.
266 1882 309 1951 de
323 1883 409 1953 Cive
430 1883 524 1981 Cap.
551 1907 579 1953 1.
592 1881 814 1954 'Naturalem
832 1877 1018 1950 hominum

91 1998 222 2054 statum
234 1984 354 2054 definit
363 2017 378 2052 o
390 2001 518 2056 statum
527 1985 612 2056 belli
623 1985 782 2056 omnium
793 1983 831 2054 in
846 2007 971 2055 omnes
984 2015 1012 2054 o.

198 2089 232 2181 §.
254 2115 338 2186 229.
358 2088 433 2161 Nos
462 2115 566 2183 ergo,
593 2089 723 2186 quibus
745 2087 892 2160 maxime
918 2086 1017 2158 cordi

93 2215 169 2262 esse
181 2189 286 2262 debet
297 2191 492 2288 perniciosa
507 2192 711 2288 hujusmodi
723 2207 919 2264 commenta
938 2217 1017 2288 pro·

93 2294 575 2390 fligare,demonstrohimus:
605 2295 820 2368 1.hominem
840 2296 882 2365 ah
902 2311 1021 2366 auoto-

91 2425 130 2468 re
152 2414 290 2469 naturae
311 2399 523 2470 destinatum
543 2407 623 2471 esse·
644 2399 688 2471 ad
712 2399 911 2470 societatem
938 2422 1021 2469 oum

92 2500 170 2572 aliis
190 2501 395 2573 hominibus
413 2503 637 2596 habendam
660 2529 691 2575 2.
711 2504 802 2575 hanc
823 2503 1023 2574 societatem

90 2604 203 2676 fuisse
227 2611 353 2674 natnr'a
373 2631 436 2674 sua
454 2605 644 2698 pacificam.

206 2707 239 2800 §.
251 2708 336 2777 230.
355 2705 400 2776 Et
418 2705 531 2802 primo
550 2705 694 2804 quidem
705 2706 884 2778 hominem
896 2707 937 2776 ab
948 2704 1022 2780 Au·

92 2825 338 2882 ctorenoturae
347 2808 559 2880 destinatum
578 2836 653 2880 esse·
667 2809 920 2882 adsocietatem
939 2833 1020 2882 oum

94 2914 171 2988 aliis
207 2911 410 2984 hominibus
444 2912 666 3001 habendam,
691 2914 771 3017 setis
790 2913 908 2986 innuit
942 2914 1017 3012 ejus

96 3015 274 3103 conditio,
292 3016 465 3116 quaetalis
478 3034 529 3088 est
543 3034 605 3104 ut
631 3036 774 3113 generat
776 3019 824 3091 im
843 3019 1022 3118 loquendo

94 3146 284 3218 nunquam
313 3120 378 3192 sihi
409 3120 588 3208 sufficiat,
627 3123 687 3194 sed
722 3123 868 3198 aliorum
894 3123 1022 3196 auxilio

102 3251 240 3322 semper
258 3224 421 3320 indigeat.
441 3225 590 3298 Inermis
614 3227 708 3300 enim
736 3230 913 3316 nascitur,
933 3227 1025 3296 iner-

100 3327 176 3398 mis·
189 3327 274 3399 vivit
285 3384 299 3415 ‚.
314 3357 338 3400 a·
356 3329 489 3402 belluis:
502 3329 683 3404 celeritate·
705 3362 744 3406 ac
764 3334 894 3406 viribus
923 3356 1024 3426 supe-

3 3476 4 3481 *
103 3446 228 3517 rotun..
244 3459 315 3528 pen
332 3432 458 3530 plures
476 3435 633 3506 infantiae
660 3465 705 3508 ae
729 3435 887 3534 pueritie
915 3459 1024 3503 annos
1079 3463 1107 3483 *x

102 3534 308 3607 rectoribus
321 3554 411 3631 eget.
423 3538 926 3635 1n1psnodolescent1a1uven
928 3551 1026 3622 tute,

99 3637 270 3714 mniliffle
283 3640 454 3736 plumbus
464 3641 573 3714 animi
586 3641 813 3738 corporisque
820 3665 894 3710 mor
878 3638 955 3714 bio
968 3639 1036 3709 oh

706 3745 793 3812 3*ss
