2384 4442
280 445 331 535 4²
1182 473 1183 510 l

232 575 264 620 2.
282 544 364 644 quia
382 542 485 614 foetus
503 533 689 637 aliquando
708 532 775 604 fuit
793 555 871 630 pars
890 529 1034 617 matris,
1060 556 1152 600 nun·

129 719 138 731 ,
229 676 336 750 quam
352 672 433 719 vero
452 643 557 742 patris
573 670 584 734 3
607 641 639 712 3.
658 635 825 721 tandem,
850 632 931 731 quia
950 651 1053 730 pater
1072 632 1155 704 levi·
1182 663 1183 710 t

229 774 283 829 ter
302 777 404 850 opera
424 775 485 820 sua
503 741 731 838 defungitur,
750 739 856 810 itaut
879 735 988 834 ipsius
1008 736 1155 808 domino

230 881 355 956 parum
373 868 434 923 aut
452 847 541 920 nihil
559 844 724 936 decedet3
742 857 853 912 mater
870 867 951 912 vero
971 839 1063 911 dum
1084 855 1157 910 ute·
1182 901 1183 936 ᾖ

230 986 311 1034 rum
340 955 428 1053 gerit
456 955 528 1025 sere
556 950 599 1022 ad
629 946 694 1020 3113
711 943 845 1018 inutilis
876 959 926 1014 est
954 960 990 1016 et
1019 941 1183 1020 solicite

236 1061 362 1135 alenda
377 1090 393 1127 ι)
409 1114 416 1129 .
1182 1091 1183 1138 3

337 1165 371 1260 S,
392 1158 484 1259 276.·
498 1157 555 1231 Ad
574 1149 764 1226 secundam
782 1176 843 1221 seu
874 1147 1049 1220 casualem
1072 1149 1156 1221 clas·
1182 1143 1183 1234 l

234 1295 308 1342 sem
338 1264 490 1364 pertinet
521 1253 693 1358 quidquid
724 1278 786 1352 per
816 1248 1059 1339 alluvionem,
1093 1281 1158 1324 seu

235 1365 456 1470 aquarum⁴vi
470 1362 599 1435 uostris
618 1356 736 1431 lundis
755 1355 943 1452 adjicitur,
962 1353 1157 1427 dummodo

235 1491 352 1545 tamen
375 1467 523 1563 adjectio
544 1490 586 1535 ex
613 1461 726 1533 alieno
745 1460 805 1530 liat
830 1456 1105 1532 insensibiliter}
1133 1460 1157 1530 si

235 1575 332 1646 euim
349 1570 451 1643 simul
471 1584 505 1639 et
516 1563 622 1638 semel
640 1561 801 1634 notabilis
817 1559 922 1632 alieni
940 1560 1065 1656 predii
1083 1589 1157 1658 por·

234 1678 284 1748 tio
301 1673 416 1747 subita
434 1695 603 1770 equarum
621 1681 822 1762 tempestate
840 1689 918 1734 meo
946 1662 1155 1759 adjiciatur,
1182 1681 1183 1766 l

235 1781 301 1852 sub
321 1775 461 1850 alterius
480 1770 635 1846 dominio
663 1783 819 1840 remanet
838 1793 879 1838 eo
902 1766 1011 1837 [eune
1031 1785 1155 1864 paeto,
1182 1773 1183 1860 l

236 1910 307 1981 quo
334 1880 454 1954 elieuae
480 1892 590 1950 vestes
609 1873 647 1946 iu
677 1896 796 1944 meum
814 1867 982 1966 praedium
1013 1880 1157 1941 evento
1182 1861 1183 1896 ³

236 1987 399 2083 projecte
410 2009 484 2054 non
503 1977 670 2051 desinunt
681 1999 753 2046 esse
772 1971 902 2047 aliene.
925 1973 934 2070 (
952 1997 979 2042 1.
1000 1997 1034 2044 2.
1055 1975 1154 2070 313.)

302 2200 413 2284 (silit
437 2219 534 2262 eutem
558 2203 613 2262 tulo
634 2204 678 2278 jus
694 2197 792 2261 locum
817 2199 922 2258 hebeat
945 2200 1109 2278 mquiritur
1132 2212 1158 2256 ut

239 2309 306 2367 ager
326 2284 363 2342 sit
384 2279 547 2349 arcifinius,
567 2279 619 2356 qui
638 2282 719 2356 juxta
742 2275 885 2334 Isidorum
911 2277 992 2334 certis
1017 2277 1161 2336 linearum·
1182 2293 1183 2332 i

238 2360 377 2425 mensuris
394 2374 455 2413 non
473 2356 661 2424 continetur,
682 2351 732 2410 sed
752 2351 822 2408 fines
842 2355 902 2428 ejus
923 2366 1062 2411 arcentur
1084 2354 1157 2426 obje·
1182 2347 1183 2376 ¹

239 2455 287 2498 ctu
303 2435 472 2497 fluminum,
489 2429 649 2500 montium,
671 2427 815 2485 arborum·
829 2425 902 2484 Nam
917 2427 940 2484 si
956 2447 1025 2503 ager
1040 2442 1115 2484 esset
1129 2427 1157 2482 11-

238 2511 369 2579 mitatus,
388 2509 446 2564 hoc
465 2519 509 2563 est
527 2505 611 2563 certis
630 2503 782 2572 limitibus,
803 2503 854 2577 qui
874 2501 953 2580 apud
971 2516 1083 2560 veteres
1105 2504 1157 2558 Ro·

238 2611 337 2648 manos
359 2583 529 2644 dicebantur
546 2580 683 2640 centuriae
703 2577 934 2655 circumscriptus
954 2617 964 2646 ,
982 2577 1038 2634 tale
1054 2581 1101 2652 jus
1117 2579 1157 2634 lo·
1182 2607 1183 2632 1

239 2687 305 2726 cum
319 2684 379 2721 non
394 2659 528 2733 haberet:
544 2655 674 2716 centuria
687 2666 782 2710 autem
797 2653 996 2730 eratspatium
1012 2653 1076 2729 agri
1093 2673 1156 2710 cou·
1182 2649 1183 2720 l

238 2744 331 2800 tineus
350 2749 466 2798 centum
489 2735 590 2807 juger'a
608 2735 769 2808 ,jugerum
787 2740 890 2801 autem*
913 2741 973 2786 erat
991 2727 1054 2804 agri
1075 2749 1157 2805 pars,
1182 2725 1183 2788 Ῐ

239 2837 304 2895 que
322 2810 451 2890 quotidie
469 2829 487 2864 3
507 2807 621 2864 duobus
647 2806 739 2862 hobus
766 2803 840 2859 arari
859 2816 980 2878 poterat.
1182 2805 1183 2860 ζ

317 2895 353 2963 (2)
374 2883 506 2951 Talvolts
527 2880 645 2958 (inquit
668 2877 814 2937 Dall’Olio
831 2883 840 2950 )
860 2879 882 2936 11
909 2879 996 2934 fiume
1019 2896 1083 2934 nou
1116 2899 1156 2935 ac·
1182 2895 1183 2904 ¹

239 2980 317 3026 costa
339 2965 366 3021 le
390 2958 536 3050 particelle
556 2956 587 3012 di
612 2967 687 3013 terra
709 2953 763 3010 alle
783 2952 866 3029 ripe,
890 2953 926 3009 ed
953 2953 978 3008 31
1002 2952 1086 3022 sontii
1114 2953 1155 3010 dei

239 3037 421 3119 particulari,
446 3054 492 3088 ma
512 3052 566 3110 per
589 3029 712 3106 qualche
732 3028 876 3087 accidente
902 3027 929 3086 le
948 3026 1083 3086 combine
1112 3027 1154 3085 uel

240 3133 340 3172 mezzo
358 3111 407 3167 del
427 3129 478 3165 suo
504 3127 612 3174 corso,
633 3127 707 3162 e‘ne
727 3105 817 3163 forma
844 3103 975 3160 uu'isola.
1006 3103 1101 3174 (Cosl
1118 3103 1154 3158 di·
1182 3129 1183 3182 p

241 3190 296 3250 cesi
315 3184 474 3256 atvenisse,
493 3181 610 3272 quando
627 3181 736 3257 suggito
760 3179 796 3235 da
811 3179 904 3235 Roma
923 3177 1085 3252 Tarquinio
1105 3180 1153 3236 Su·
1182 3183 1183 3226 l

241 3265 332 3342 perbo
358 3259 369 3314 i
393 3259 516 3314 Romam
540 3279 576 3314 ne
605 3277 707 3333 posero
730 3275 747 3310 a
770 3257 932 3329 soqquadro
964 3255 975 3307 i
999 3251 1069 3309 beni
1092 3275 1153 3338 pre·
1182 3235 1183 3270 l

241 3335 387 3418 cipitando
400 3334 448 3389 nel
464 3334 573 3389 Tevere
586 3332 613 3388 le
628 3331 711 3388 biade
727 3329 784 3386 edi
799 3331 880 3404 grani
896 3329 1003 3405 tagliati
1018 3326 1099 3383 ne'd1
1115 3329 1152 3384 lui
1182 3363 1183 3366 κ

243 3416 342 3493 campi.
363 3407 488 3468 Giacche
515 3407 607 3482 questi
632 3407 711 3484 graui
732 3405 804 3461 uniti
825 3405 852 3460 31
876 3403 1010 3462 sarmenti
1029 3401 1067 3460 ed
1087 3403 1154 3460 altre

243 3514 306 3551 cose
326 3489 349 3548 si
368 3485 491 3542 unirono
512 3481 542 3536 in
561 3502 603 3538 uu
622 3481 709 3558 luogo
729 3480 780 3556 ,del
799 3479 886 3536 siume
911 3481 963 3556 pit
983 3478 1116 3546 elevato,
1140 3499 1152 3534 e
1182 3481 1183 3514 ἶ

243 3587 328 3623 meno
351 3559 496 3618 dominatu
522 3556 588 3611 dell’
602 3577 716 3632 ecqua,
736 3577 750 3612 e
771 3557 934 3612 formarono
959 3555 978 3609 l'
987 3552 1057 3609 isola
1081 3555 1153 3611 detta

243 3650 294 3698 o'ra
313 3642 343 3698 di
361 3639 418 3696 San
440 3631 650 3690 Baitolommeo
666 3637 691 3704 J.
714 3631 840 3690 siccome
864 3629 1034 3706 quest'isola
1050 3632 1066 3684 ὲ
1082 3649 1152 3688 com·
