2384 4442
303 443 351 539 74

247 560 388 628 rorent,
408 566 492 639 quas
512 557 779 638 consequuntur
798 568 840 613 ex
862 540 1009 638 pecunia
1025 557 1137 612 mutua·

247 668 306 739 ta,
326 648 409 720 licet
428 645 493 715 sub
511 643 637 716 usuris.

358 746 441 821 316.
477 745 526 819 At
554 773 675 819 nonne
705 748 805 845 ajunt
833 746 944 817 nostri
971 746 1138 830 adversari,

250 856 369 929 minus
388 850 583 923 esthabere
603 850 777 923 actionem
792 874 898 949 quam
913 850 1086 923 remtJam
1098 876 1141 919 re·
1165 893 1166 930 ÷

248 986 289 1031 ro
308 970 486 1029 mutuator
504 979 578 1024 non
597 953 702 1024 habet
719 980 817 1039 rem,
839 980 944 1050 quam
962 968 1141 1036 mutuatur,

253 1060 317 1134 sed
335 1057 448 1131 solum
465 1056 639 1128 actionem
655 1056 695 1128 in
712 1056 1057 1153 mutuatarium,quae
1073 1080 1143 1149 sape

251 1162 395 1237 moleste
414 1158 618 1232 instituitur.
637 1160 824 1233 Mutuator
840 1182 922 1254 ergo
937 1159 972 1231 ri
985 1157 1090 1229 mutui
1099 1155 1144 1226 ali·

253 1265 338 1367 quid
354 1262 471 1335 minus
483 1261 603 1349 hahet,
614 1262 709 1361 quod
720 1263 876 1360 profecto
893 1278 945 1332 est
963 1262 1068 1359 pretio
1078 1259 1145 1330 esti·

253 1367 405 1454 mabile,
434 1382 469 1437 et
494 1364 632 1437 modica
657 1392 763 1437 usura
789 1364 1015 1463 pensandum.
1038 1363 1146 1437 Nonne

254 1497 376 1543 rursus
399 1483 450 1540 est
470 1467 582 1565 pretio
603 1467 801 1539 aestimabile
827 1468 884 1566 jus
911 1467 1007 1565 quod
1024 1464 1148 1563 acquirit

256 1570 486 1645 mutuatarius
503 1568 627 1643 utendi
645 1597 691 1642 ne
712 1570 973 1669 consumptibili
991 1596 1068 1641 eum
1084 1565 1149 1640 ohli-

258 1675 395 1774 gatione
417 1672 512 1743 illam
527 1700 602 1745 non
621 1673 758 1761 statim,
777 1674 837 1744 sed
856 1690 933 1771 post
945 1688 1149 1745 certumtem·

260 1778 354 1879 poris
372 1774 593 1849 intervallum
609 1803 683 1847 non
693 1777 732 1847 in
742 1774 924 1847 individuo
936 1831 947 1863 ,
967 1776 1026 1847 sed
1043 1775 1078 1845 in
1095 1800 1149 1870 spe·

257 1883 311 1957 cie
335 1937 344 1969 ‚
372 1898 407 1953 et
443 1880 597 1951 bonitate
630 1878 836 1951 restituendi
858 1879 875 1951 ἓ
912 1879 1042 1951 Nonne
1067 1879 1094 1949 3.
1115 1889 1150 1945 est

207 2070 210 2075 ¹
258 1984 372 2085 pretio
385 1982 589 2053 aestimabilis
602 1982 827 2054 commoditas
839 2036 849 2068 ‚
861 1996 896 2053 et
911 1982 1040 2053 utilitas
1053 2036 1060 2067 ‚
1071 2002 1151 2078 quam
1165 2055 1166 2076 ἶ

261 2114 303 2159 ex
322 2102 446 2157 mutuo
472 2083 620 2181 percipit
645 2083 907 2155 mutuatarius?
926 2083 981 2157 Ita
999 2084 1151 2182 profecto,

262 2202 297 2260 et
315 2186 410 2257 hisce
430 2186 473 2255 de
494 2186 606 2257 causis
629 2204 767 2259 montes
785 2187 911 2273 etiam,
930 2188 994 2285 qui
1011 2202 1166 2264 vocantur¹

256 2293 402 2393 pictatis
420 2286 551 2385 aliquid
569 2287 661 2359 ultra
684 2306 812 2361 sortem
833 2290 989 2384 exigunt.
1010 2291 1153 2365 Praeterea

263 2418 384 2464 nonne
396 2390 638 2489 unusquisque
649 2391 743 2464 licite
754 2410 866 2490 potest
877 2393 1023 2480 librum,
1035 2416 1153 2491 equum,

261 2494 406 2595 pallium
425 2487 489 2565 etc.
509 2520 614 2565 suum
634 2494 732 2566 alteri
761 2496 935 2567 utendum
959 2495 1137 2568 concedere
1149 2529 1166 2575 ‚¹

260 2598 316 2671 vel
335 2598 462 2695 gratis,
481 2612 521 2667 ut
539 2597 577 2668 in
597 2597 838 2686 commodato,
856 2597 911 2669 vel
926 2616 1032 2695 pacta
1050 2623 1153 2669 merca·

263 2702 332 2790 de,
352 2700 448 2773 utin
466 2699 608 2773 locato?
629 2700 725 2793 Quid
745 2729 826 2797 ergo
845 2701 1029 2801 prohibet,
1048 2698 1154 2800 quoni

263 2832 333 2877 nus
363 2804 605 2902 unusquisque
631 2803 725 2875 licite
752 2804 852 2875 alteri
870 2804 1040 2877 utendam
1058 2828 1155 2876 conca

262 2908 322 2979 dat
348 2906 534 3005 pecuniam
560 2932 658 2976 suam
680 2907 735 2978 vel
765 2909 893 3003 gratis,
911 2922 953 2977 ut
971 2907 1012 2978 in
1031 2922 1166 2985 mutuo,¹

260 3010 316 3080 vel
345 3026 444 3106 pacta
469 3008 661 3096 mercede,
686 3026 728 3081 ut
753 3010 792 3081 in
817 3024 1003 3083 contractu
1024 3004 1154 3081 foenebri

263 3109 428 3208 Denique
450 3111 769 3211 impudentissimus
787 3114 877 3185 foret
905 3125 1098 3199 mercator,
1120 3105 1156 3179 rel

263 3212 351 3283 alius
381 3240 454 3284 non
480 3242 633 3312 pauper,
660 3214 723 3313 qui
745 3242 787 3287 ex
805 3216 956 3314 pecunia
979 3242 1059 3288 mea
1079 3212 1156 3285 vellet

264 3340 339 3389 rem
358 3342 455 3387 suam
478 3317 677 3389 notabiliter
699 3346 825 3414 augere
844 3346 900 3390 me
919 3320 957 3389 in
976 3336 1109 3415 partem
1123 3314 1157 3385 lu·

267 3420 317 3491 cri
347 3445 420 3490 non
446 3418 617 3507 admisso,
636 3422 825 3517 prasertim
844 3448 926 3493 cum
944 3420 973 3492 si
991 3447 1104 3492 meam
1118 3435 1167 3522 pu!

265 3523 406 3595 cuniam
434 3521 532 3593 alteri
557 3538 736 3596 mutuatus
763 3551 836 3597 non
855 3526 1025 3611 fuissem,
1044 3524 1167 3609 lucrum
