2384 4442
854 457 924 529 131

63 557 146 657 quis
165 556 348 631 hominum
366 560 434 632 hoc
454 586 543 632 onus
559 561 650 631 ¹serre
669 578 809 633 tenetur
824 591 834 655 3
854 578 889 633 et
902 564 979 661 quis

61 660 206 758 potius,
227 688 330 759 quam
351 663 445 735 dives
464 680 631 759 agnatus,
651 680 686 736 et
702 682 779 761 post
794 666 910 763 'ipsum
928 667 980 737 di-

60 790 120 835 ves
142 765 342 861 cognatus?

322 968 599 1045 CAPUT
651 969 733 1044 XV.

195 1174 257 1247 De
284 1174 463 1251 Socictote
492 1174 622 1263 herili,
659 1190 695 1251 et
722 1175 850 1277 officiis

369 1280 451 1351 inde
463 1278 675 1375 fluentibus.

167 1483 203 1579 §-
224 1482 309 1581 369.
336 1484 388 1557 Ex
414 1486 550 1585 quo-ita
570 1485 757 1584 companati
776 1484 845 1557 sint
868 1486 978 1561 homi-

60 1612 150 1671 nes,
177 1602 216 1657 nt
246 1587 289 1657 ad
314 1588 390 1659 vitae
428 1590 707 1661 commoditatem
740 1588 798 1660 alii
828 1589 975 1664 aliorum

61 1716 126 1786 ope
145 1688 350 1784 indigeant,
382 1708 496 1763 ortum
525 1692 647 1764 habuit
665 1692 808 1765 societas
834 1693 975 1785 henilis,

61 1819 138 1891 quae
166 1808 265 1891 paeto
292 1793 424 1881 initur,
450 1811 491 1867 ut
519 1822 613 1867 unns
642 1820 781 1894 operam
810 1821 908 1867 snam
936 1797 975 1871 in

15 1908 17 1911 ’
60 1896 165 1965 rebus
194 1894 389 1968 domesticis
414 1896 531 1983 locet,
557 1897 644 1969 alius
670 1926 751 1970 vero
776 1898 974 1973 mercedem

58 2013 221 2094 praestet,
248 2016 308 2071 aut
326 2000 457 2072 victum
474 2026 545 2072 nna
564 2026 647 2073 eum
664 2001 706 2072 iis
731 2000 859 2088 rebus,
887 2030 972 2100 quas

56 2100 136 2171 vitae
166 2103 386 2173 necessitates
413 2104 572 2200 exigunt.
603 2104 713 2177 Porro
740 2104 802 2206 qpi
836 2131 974 2202 operam

12 2296 13 2301 ἵ
56 2228 157 2275 suam
175 2202 224 2274 sie
251 2205 348 2275 alteri
374 2206 486 2294 locat,
517 2234 657 2294 servus,
683 2206 738 2280 vel
765 2235 860 2279 serva
887 2207 970 2281 dici-

54 2322 142 2392 tur,
173 2308 230 2379 cui
256 2325 373 2381 autem
399 2336 510 2406 operae
539 2308 726 2397 locantur,
751 2310 858 2382 herus
881 2366 898 2398 ‚.
918 2312 974 2384 vel

54 2408 152 2481 hera.
173 2407 239 2481 Hic
258 2426 373 2483 tamen
394 2412 663 2498 advertendum,
681 2412 882 2508 hujusmodi
901 2442 970 2485 ser·

53 2539 118 2584 vos
145 2516 403 2603 mercenarios,
441 2514 502 2613 qui
527 2513 609 2587 licet
635 2531 804 2611 perpetuo
833 2516 973 2588 alterius

53 2615 242 2688 famulatui
279 2618 352 2690 sine
382 2616 453 2689 ulla
484 2616 711 2703 conditione,
742 2615 846 2689 etad
873 2645 972 2714 quas-

53 2745 211 2817 cumque
231 2749 284 2792 res
303 2746 338 2793 se
359 2719 578 2806 addixerint,
606 2719 661 2791 sui
688 2718 776 2815 juris
805 2743 970 2791 essenon

52 2822 250 2913 desinunt,
279 2824 376 2897 valde
396 2825 438 2895 ab
464 2824 506 2894 iis
524 2822 691 2909 disicere,
718 2846 870 2920 quorum
895 2848 974 2917 per-

51 2952 152 2996 sonae
172 2926 220 2999 sia
240 2928 337 2999 alteri
355 2926 556 3025 mancipatae
576 2942 683 3011 sunt,
714 2939 754 2994 ut
772 2924 839 2994 hoc
858 2922 973 3025 ipsum

48 3027 152 3125 quod
182 3048 288 3119 sunt,
316 3030 358 3102 sit
392 3030 556 3101 alterius.
590 3029 643 3100 Ita
669 3026 780 3099 Divus
819 3024 970 3101 Thomas

37 3129 136 3203 Lib.
157 3130 190 3203 I.
209 3134 315 3205 Pone.
340 3132 436 3205 Lect.
459 3159 490 3205 2.
520 3132 669 3230 ideoque
701 3128 872 3227 mancipia
902 3130 974 3201 dici

50 3252 272 3323 sueverunt,
292 3234 488 3333 cujusmodi
506 3262 526 3306 a
544 3234 743 3309 Justiniano
760 3231 875 3305 Insttt.
883 3232 925 3305 L.
933 3233 966 3316 ,I
964 3290 973 3305 .

50 3337 98 3408 de
114 3343 205 3433 jure
219 3364 460 3438 personarum
478 3336 694 3435 appellantur
711 3335 756 3422 ii,
775 3336 837 3432 qui
853 3334 908 3404 vel
933 3334 973 3406 in

48 3438 149 3511 bello
179 3440 273 3535 justo
304 3441 394 3538 capti
421 3456 502 3511 sunt
518 3470 537 3527 ,¹
559 3439 674 3511 velex
694 3436 972 3509 ancillisnostrie

47 3541 155 3629 nati,
174 3541 230 3613 vel
249 3543 394 3639 majores
417 3568 474 3615 20.
494 3540 593 3613 annis
620 3541 663 3612 ad
689 3539 841 3642 pretium
867 3538 973 3635 parti-
1029 3629 1034 3638 .

47 3641 248 3745 cipandum
266 3672 301 3717 se
321 3644 523 3717 venumdari
540 3643 630 3744 passi
648 3659 738 3715 sunt.
