2384 4442
290 461 359 536 126

230 562 344 621 nomine
364 564 485 623 veniunt
500 566 608 623 nedum
622 564 776 625 necessaria
791 564 829 621 ad
842 564 981 621 naturalis
995 564 1064 624 vitae
1078 587 1141 624 con·

229 637 418 695 servationem
434 642 547 717 (qualia
565 656 633 699 sunt
651 640 807 709 victualia,
827 640 1057 710 medicamenta,
1073 663 1144 698 sum·

229 727 297 789 ptus
317 712 348 768 in
368 714 492 772 medicos
512 732 563 775 etc.
576 722 605 787 J,
624 716 674 774 sed
693 715 779 772 etiam
819 735 863 771 uae
881 714 1031 770 homiuem
1050 716 1089 771 ad
1107 740 1145 773 so·

228 786 351 857 cialem,
370 803 400 847 et
414 790 527 849 civilem
546 793 635 849 vitam
648 790 775 849 reddunt
789 736 938 859 idoneum¹
957 792 1075 847 attentis
1093 793 1145 849 for·

228 874 300 919 tuna
314 878 469 995 parentum
485 908 492 934 ‚
509 882 537 924 et
554 867 650 923 indole
670 866 805 922 filiorum.
822 867 931 921 Rursus
951 864 1089 922 alimenta
1101 889 1146 924 ne

230 937 299 995 dum
332 940 451 1016 egitimis
467 942 530 999 filiis
547 942 705 1010 debentur,
720 941 771 997 sed
786 941 870 997 etiam
884 941 1078 1009 naturalibus,
1092 941 1147 998 imo
1187 965 1188 968 ¹

230 1027 308 1071 etex
325 1016 426 1091 quovis
442 1016 575 1074 damnato
591 1017 669 1075 coitu
688 1016 770 1071 natis.
792 1017 855 1071 Cur
877 1016 954 1071 enim
973 1015 1099 1084 misera,
1120 1031 1151 1074 et»

229 1086 366 1149 innocens
381 1092 475 1170 proles
487 1094 525 1151 ob
538 1094 662 1151 alienum
677 1090 813 1150 delictum
825 1091 897 1147 fame
909 1093 1029 1167 pereat?

335 1285 368 1379 S
399 1283 483 1358 362.
513 1286 602 1359 Item
636 1284 769 1356 tamdiu
804 1281 1010 1353 naturaliter
1045 1280 1150 1352 durat
1187 1275 1188 1278 ¹

229 1384 339 1483 patria
365 1404 538 1483 potestas,
566 1386 735 1487 quamdiu
764 1386 827 1455 filii
857 1384 1077 1456 educationis
1095 1384 1150 1454 in·
1187 1407 1188 1462 ξ

229 1487 418 1582 digentiam
444 1491 689 1589 praeseferunt,
720 1516 790 1588 quo
822 1505 974 1584 tempore
1005 1503 1152 1558 natura·
1187 1521 1188 1526 ¹

228 1590 307 1661 liter
325 1590 550 1665 minoreunes
580 1592 770 1677 dicuntur,
790 1590 876 1661 dum
894 1607 1016 1661 contra
1035 1616 1151 1686 quan·

229 1692 274 1763 do
305 1692 510 1767 educatione
541 1722 614 1767 non
645 1694 792 1790 amplius
819 1693 1000 1787 indigent,
1042 1708 1148 1762 natu-

230 1794 347 1867 raliter
375 1799 594 1895 majorennes
614 1796 831 1896 appellantur
865 1799 935 1893 (ι).

304 2007 341 2070 (1)
361 2003 486 2057 Matrum
505 2002 673 2088 dignitatem
689 2000 771 2055 nimis
789 1998 924 2073 deprimit
934 1997 1085 2055 Heschilus
1104 1998 1149 2052 di-

227 2091 306 2131 cens:
325 2104 338 2129 (ι
353 2076 419 2131 Non
435 2089 526 2132 mater
536 2076 595 2141 rlli,
612 2093 699 2149 quem
716 2094 799 2131 suum
814 2088 934 2149 gnatum
949 2086 1052 2139 vocat,
1069 2073 1150 2148 geni-

228 2146 301 2213 trix,
314 2150 363 2203 sed
385 2150 470 2204 altrix
488 2163 529 2205 est
543 2150 642 2206 imbris
655 2149 823 2224 genitabilis.
841 2150 941 2224 Gignit
954 2148 1081 2222 rigator:
1098 2148 1149 2201 illa

227 2220 436 2297 veluthospes,
452 2224 506 2279 Dei
519 2225 541 2279 si
557 2246 628 2281 cura
640 2225 733 2281 faveat
746 2223 884 2296 ,hospitis
903 2236 996 2280 servat
1014 2242 1104 2297 genus
1124 2246 1148 2278 υ.

227 2294 328 2357 Melius
352 2298 496 2372 Sydonius
522 2298 696 2374 Apollinaris
723 2300 786 2354 Lib.
816 2302 870 2357 IV.
897 2304 953 2372 Ep.
980 2316 1023 2352 21.
1057 2324 1070 2351 ι
1098 2299 1149 2352 ΕΛ

228 2370 345 2456 quidem
361 2372 495 2447 Princeps
516 2374 546 2429 in
569 2378 673 2431 venere
692 2373 876 2429 monstrando
892 2373 983 2431 Patris
1002 2392 1151 2447 preroga·

170 2448 172 2453 ’
229 2458 286 2500 uva
298 2468 305 2510 3
335 2447 384 2503 sed
404 2462 498 2505 tamen
519 2418 644 2505 multum
667 2462 731 2515 est,
752 2448 833 2524 quod
855 2462 883 2506 et
901 2448 1038 2503 matribus
1061 2445 1148 2502 debe-

229 2539 298 2579 mus.
325 2522 391 2579 Non
411 2545 455 2579 eas
479 2546 495 2579 a
519 2526 601 2580 nobis
625 2524 735 2597 aliquid
759 2523 859 2579 exilius
881 2525 920 2579 fas
940 2536 982 2579 est
1006 2521 1148 2577 honorari

229 2596 309 2671 quod
324 2597 453 2674 pondera
474 2598 609 2667 illarum,
625 2619 712 2673 quam
737 2599 816 2675 quod
837 2600 955 2655 istorum
975 2595 1084 2653 semina
1101 2618 1149 2653 su·

229 2676 408 2729 uinculum
426 2674 619 2743 Quintilianus
639 2677 767 2730 Declam.
787 2674 851 2730 338.
870 2702 883 2728 u
907 2673 969 2728 Alia
985 2685 1025 2729 est
1040 2671 1149 2727 horum

230 2748 323 2815 ratio,
348 2770 420 2824 quos
442 2750 536 2806 brevis
560 2748 693 2805 transitus
718 2749 874 2824 voluptatis
901 2747 967 2805 lecit
1024 2759 1145 2814 rentes,

229 2844 302 2901 quos
321 2822 416 2882 liberis
444 2826 499 2880 suis
521 2838 600 2881 extra
615 2824 714 2899 positu
731 2823 891 2899 voluptates
909 2824 991 2879 conci
1004 2822 1072 2876 iant.
1088 2821 1147 2876 Ali-

230 2908 273 2951 ter
285 2910 380 2953 amant
396 2920 459 2975 quae
476 2911 672 2976 pepererunt,
691 2918 756 2972 quae
773 2899 938 2954 memoriam
953 2898 1052 2954 decem
1068 2916 1148 2952 man-

229 2971 301 3024 sium
318 3012 325 3038 ‚
352 2994 415 3046 quaa
434 2988 475 3031 tot
489 2974 700 3051 periculorum,
716 2986 760 3029 tot
774 2973 998 3030 sollicitudinum
1015 2971 1148 3029 recorda-

229 3044 319 3101 tiones
336 3046 460 3105 alleruut
476 3073 497 3105 u.

333 3224 367 3318 S.
397 3226 480 3299 363.
512 3229 579 3300 Hic
598 3245 716 3300 autern
734 3228 805 3299 duo
832 3226 954 3299 sedulo
972 3243 1058 3298 suut
1073 3228 1146 3298 ani·

231 3324 664 3427 madvertendatprirnum,
684 3331 771 3403 lilios
784 3331 887 3402 etiam
903 3331 1145 3415 minorenues,

232 3422 419 3502 dummodo
448 3435 600 3531 perfecte
632 3436 686 3506 sui
710 3450 884 3531 compotes
912 3432 1000 3517 sint,
1028 3449 1144 3529 etpu-

231 3532 401 3607 loertatem
427 3537 595 3625 assecuti,
615 3538 766 3610 naturali
793 3538 870 3634 jure
900 3534 1043 3633 precise
1071 3563 1146 3634 spe·
