2384 4442
272 478 319 525 20

216 572 333 627 tamen
353 579 394 625 ex
422 568 555 624 naturae
584 549 801 624 institutione
819 550 995 623 moraliter
1016 576 1132 649 cqua-

215 658 284 745 les,
304 673 338 729 et
355 673 478 729 mutuo
489 654 765 753 independentes
783 653 1010 727 admittantur
1028 681 1131 750 epor-

214 777 284 833 tet:
303 788 345 831 eo
373 760 480 831 ferme
499 775 627 855 pacto,
657 784 728 855 quo
747 757 819 829 duo
838 756 961 830 circuli
991 757 1133 829 easdem

214 863 344 935 babent
372 860 566 933 essentiales
592 861 844 960 proprietates,
869 860 1018 959 ideoque
1046 875 1133 931 sunt

213 965 259 1037 in-
279 965 412 1037 ratione
444 963 567 1037 circuli
596 962 766 1061 aequales,
791 963 875 1035 licet
900 990 994 1035 unus
1020 961 1131 1060 duplo

213 1068 267 1141 vel
286 1068 388 1168 triplo
407 1067 518 1165 major
536 1067 579 1139 sit
597 1066 673 1139 alio.
865 1130 873 1145 ,

317 1174 351 1267 3.
373 1169 456 1263 246.
475 1170 590 1244 Nemo
600 1186 719 1243 tamen
736 1169 820 1243 iude
831 1170 980 1256 inferat,
999 1168 1131 1267 depen-

212 1274 366 1345 dentiam
384 1274 491 1345 unius
508 1273 660 1347 hominis
678 1273 722 1344 ab
740 1272 808 1345 alio
827 1299 900 1345 esse
926 1287 1046 1344 contra
1064 1298 1130 1341 na-

211 1393 335 1453 turam.
348 1376 400 1449 Ut
411 1376 506 1447 enim
519 1376 647 1472 optime
658 1375 899 1449 animadvertit
909 1374 1021 1447 Divus
1033 1374 1132 1447 Tho-

212 1505 284 1549 mas
307 1502 339 1548 2.
362 1502 393 1547 2.
410 1477 540 1575 Quaest.
554 1480 613 1573 94,
623 1476 743 1551 Actio.
755 1475 787 1551 5.
805 1476 858 1549 ad
875 1477 906 1548 3.
922 1505 960 1549 :tt
982 1476 1132 1576 Aliquid

212 1579 342 1649 dicitur
361 1604 432 1649 esse
445 1577 488 1649 de
507 1578 585 1675 jure
599 1594 731 1652 naturae
741 1577 936 1676 dupliciter.
956 1579 1043 1653 Uno
1055 1604 1132 1650 mo·
1186 1669 1187 1678 ἵ

212 1681 257 1753 do
278 1680 358 1780 quia
376 1697 501 1751 natura
518 1680 562 1752 ad
580 1681 649 1753 hoc
666 1680 835 1768 inclinat,
852 1680 943 1752 sicut
959 1708 1035 1753 uon
1055 1709 1139 1753 esse-

211 1783 310 1855 alteri
327 1783 493 1881 injuriam
511 1782 717 1857 faciendam.
736 1782 819 1857 Alio
843 1783 949 1855 modo
966 1782 1050 1881 quia
1068 1812 1134 1856 na·

212 1902 290 1958 tura
308 1914 382 1959 non
401 1885 538 1958 inducit
550 1885 765 1959 contrarium
783 1941 904 1960 .....
916 1900 951 1957 et
968 1888 1037 1958 hec
1054 1896 1140 1959 1110·Ι

213 1988 257 2060 do
282 1989 477 2060 communis
505 1988 664 2059 omnium
692 1988 885 2085 possessio,
915 2005 953 2060 et
970 1989 1134 2063 omnium

213 2116 284 2162 una
303 2090 441 2161 libertas
460 2089 589 2162 dicitur
608 2116 681 2162 csse
698 2089 743 2162 de
760 2091 839 2188 jure
857 2090 1027 2179 naturali,
1046 2092 1132 2190 quia

212 2190 345 2263 scilicet
383 2192 559 2265 distinctio
590 2193 846 2290 possessionum
883 2210 919 2266 et
947 2195 1130 2267 servitutes

213 2322 287 2366 non
308 2312 390 2366 sunt
408 2295 561 2366 inductae
580 2322 601 2367 a
618 2307 767 2383 naturas,
787 2296 848 2369 sed
865 2323 929 2393 per
944 2297 1132 2370 hominum

212 2396 384 2469 rationem
402 2397 446 2469 ed
465 2398 650 2469 utilitatem
667 2399 828 2471 humanae
845 2400 923 2471 vitae
945 2431 973 2473 o.

316 2503 350 2596 §.
372 2502 456 2601 247.
475 2500 559 2575 Non
570 2518 665 2574 recte
683 2502 768 2573 item
779 2530 822 2574 cx
832 2503 954 2574 morali
970 2502 1130 2575 emnium

212 2601 397 2675 bominum
415 2603 633 2702 equalitate,
652 2620 688 2676 et
704 2622 828 2677 mutua
853 2606 1005 2678 naturali
1029 2605 1130 2677 inde-

208 2705 398 2803 pendentia
409 2706 515 2779 infert
527 2706 722 2780 Hobbesius
732 2708 843 2806 quod:
862 2742 878 2777 «
894 2708 937 2781 In
948 2725 1039 2781 statu
1055 2736 1130 2781 me·

209 2834 246 2879 re
266 2810 438 2897 naturali,
457 2837 519 2881 seu
538 2828 726 2909 antequam
742 2811 901 2884 homines
920 2812 1000 2883 ullis
1018 2812 1130 2910 pactis

209 2909 361 2983 invicem
387 2939 423 2983 se
453 2913 742 3000 obstrinxissent,
771 2914 965 3012 uuicuique
1000 2914 1130 2987 licebat

133 3034 135 3041 ’
209 3013 324 3085 faeere
355 3041 611 3114 quaecumque,
637 3032 672 3087 et
700 3016 739 3087 in
768 3044 1009 3116 quoscumque
1041 3019 1129 3090 libe·

208 3114 268 3185 bat
282 3144 318 3186 s.
339 3115 486 3189 Moralis
506 3118 602 3189 enim
620 3119 795 3219 equalitas
822 3136 858 3193 et
875 3137 999 3192 mutua
1026 3119 1127 3193 inde·

208 3216 398 3315 pendentia
416 3218 554 3293 efficere
575 3237 669 3293 certe
687 3250 762 3294 non
780 3238 939 3322 poterat,
970 3223 1067 3323 quod
1084 3224 1127 3297 li-

208 3319 285 3391 citae
309 3320 424 3392 forent
442 3322 595 3395 actiones
625 3341 750 3397 natura
767 3353 854 3414 sua,
881 3353 942 3398 seu
962 3326 1127 3399 intrinse-

208 3447 247 3493 ce
278 3423 409 3509 malae,
440 3424 558 3523 quales
588 3427 680 3497 iufra
709 3455 781 3500 csse
811 3429 1126 3503 demonstrabimus

208 3524 418 3613 calumnias,
437 3528 628 3617 adulteria,
646 3530 854 3625 homicidia,
874 3548 909 3605 et
927 3532 1131 3606 aliaadver·

210 3652 268 3699 sus
287 3630 370 3703 alios
390 3630 547 3706 homines
566 3632 746 3706 facinora„
