2384 4442
277 448 325 521 28

207 565 251 638 ¹et
271 575 406 641 diabolo,
433 592 482 631 seu
502 570 661 630 secundum
701 580 854 638 mestum,
878 578 908 626 et
926 566 1042 644 justitie
1062 566 1134 624 dese-

221 670 315 716 ctum;
338 663 365 707 et
383 648 449 705 ideo
468 648 534 705 licet
548 646 616 704 odio
636 645 657 702 h
696 666 742 702 ere
756 656 906 721 peceatum
920 644 951 701 in
966 656 1133 718 peccatore,

220 745 249 787 et
264 747 348 786 omne
362 723 455 792 illud,
471 722 551 798 quod
566 720 692 799 pertinet
711 720 748 775 ad
766 721 908 778 defectum
929 718 1033 775 divinar
1055 716 1133 792 justi·

220 805 286 871 tiae,
313 799 363 857 sed
383 799 474 885 ipsam
494 808 626 855 naturam
655 808 685 853 ct
709 793 828 872 gratiam
845 792 936 871 patris
955 814 1015 850 non
1041 794 1135 868 potest

220 875 322 953 aliquis
351 872 551 931 edm-hahere
579 871 640 929 sine
658 883 776 948 peccato
805 894 835 925 r.
863 869 924 930 flac
954 867 1132 925 distinctione

222 951 404 1031 explicantur
428 945 623 1023 expressiones
650 945 857 1024 scripturarum
882 955 983 1002 contra
1007 955 1135 1020 peccato·

222 1049 267 1085 res
273 1026 378 1083 Psalm.
389 1028 413 1080 8.
424 1044 430 1075 ι
440 1025 651 1080 convertantur
662 1031 836 1096 peccatores
848 1024 878 1075 r'n
890 1022 1044 1097 iry'ernum3
1057 1038 1136 1074 «sen-

222 1124 269 1161 sus
294 1118 398 1175 nempe
416 1110 480 1168 est,
498 1096 594 1173 inquit
609 1095 700 1154 Divus
720 1095 846 1151 Thomas
868 1111 893 1149 u.
914 1114 939 1152 n.
961 1098 1067 1169 Quoest.
1093 1092 1135 1151 nd.

224 1188 280 1235 art.
302 1176 329 1233 6.
353 1175 394 1231 ad
411 1172 455 1243 5,,
482 1186 515 1230 ut
529 1192 562 1229 ea
576 1170 665 1230 verba
679 1170 735 1227 sint
748 1186 810 1227 non
829 1170 978 1245 optantis,
999 1167 1048 1225 sed
1071 1188 1139 1244 pro·

224 1250 386 1331 phetontis,
399 1248 447 1307 vel
461 1248 483 1305 si
496 1246 622 1325 optantis
637 1245 797 1303 referentur
814 1264 875 1301 non
890 1245 928 1301 ud
944 1262 1059 1321 poenam
1072 1264 1139 1319 pec·
1187 1263 1188 1316 t

226 1326 329 1384 catoris
346 1324 502 1401 patientis,
517 1322 567 1380 sed
587 1319 777 1396 adjustitiam
800 1320 855 1378 Dei
869 1319 1031 1397 punientis:
1051 1318 1098 1376 vel
1117 1320 1140 1375 si

224 1404 386 1461 referantur
408 1398 445 1453 ad
469 1408 665 1475 peecatorem,
682 1416 716 1453 co
735 1407 872 1472 vergant,
893 1408 926 1453 ut
949 1394 1141 1453 desideremus

225 1475 373 1533 interitum
390 1472 564 1550 peccatoris,
580 1490 640 1527 uon
660 1482 803 1547 quatenus
820 1470 909 1528 homo
927 1482 990 1537 cst,
1006 1468 1057 1526 sed
1070 1490 1142 1545 que-

228 1566 312 1607 tenus
327 1560 493 1625 peccator».
511 1544 600 1619 Quod
614 1544 790 1621 Augustinus
805 1546 905 1622 paucis
927 1544 1022 1604 remis
1042 1544 1082 1601 ita
1093 1566 1143 1602 ex·
1187 1559 1188 1586 l

252 1626 318 1681 licut
336 1623 367 1679 in
390 1624 470 1679 Psal.
491 1622 550 1679 138.
570 1640 630 1678 ver.
656 1638 700 1676 ur.
724 1622 864 1691 Perfecto
880 1622 948 1678 odio
970 1622 1091 1677 oderam
1110 1624 1144 1675 it-

229 1647 283 1757 los.
296 1697 400 1768 «Quid
415 1709 457 1755 cst
476 1697 603 1773 perfecto
623 1694 713 1752 odio?
727 1695 844 1753 oderam
865 1695 896 1752 in
912 1696 951 1752 eis
965 1695 1145 1771 iniquitatem

229 1775 353 1833 eorum}
375 1771 528 1850 diligebam
542 1770 738 1830 conditionem
761 1786 861 1839 tuam,
880 1769 953 1827 idest
977 1771 1059 1846 quod
1081 1791 1098 1825 a
1118 1785 1146 1827 te

229 1870 294 1909 acce
318 1860 403 1907 erunt
414 1872 441 1903 s.
463 1848 500 1904 Et
516 1846 674 1923 Gregorius
692 1847 798 1902 Homil.
818 1846 863 1923 37.
883 1852 914 1903 irs
929 1851 1055 1922 Evaog..·
1075 1872 1091 1899 ι
1108 1847 1148 1905 sic

228 1925 294 1983 exh'
318 1944 364 1981 ere
379 1920 517 1999 proximis
533 1922 636 1978 nostris
651 1920 709 1977 odii
725 1920 924 1980 discretionem
939 1922 1076 1979 debemus
1091 1964 1100 1989 ‚
1116 1936 1150 1982 ut

231 2000 262 2055 in
288 2000 325 2056 eis
349 1998 502 2074 diligamus·
516 1996 599 2073 quod
621 2010 707 2065 sunt,
722 2010 751 2054 et
764 1996 920 2055 habeamus
939 1996 1006 2055 odio
1021 1997 1067 2065 id,
1086 2018 1146 2073 qno
1187 2043 1188 2048 η

231 2074 314 2131 uobis
333 2072 519 2130 obsistunt».
614 2075 617 2079 '
1187 2101 1188 2134 r

304 2154 340 2220 (2)
361 2147 421 2217 Qui
448 2146 569 2205 alterum
592 2146 696 2222 injuste
721 2146 869 2215 offendit,
896 2159 1012 2204 tenetur
1031 2148 1147 2205 veniam
1187 2139 1188 2184 l

249 2236 332 2281 etere.
359 2219 448 2292 Quod
466 2221 488 2277 si
508 2222 566 2277 duo
585 2235 688 2279 mutuo
710 2241 738 2277 se
758 2222 951 2290 offenderint,
972 2234 1042 2279 tunc
1062 2222 1084 2277 si
1105 2224 1147 2279 ol-

225 2246 316 2355 linsio
332 2296 419 2355 fuerit
438 2314 518 2381 reque
537 2298 651 2373 gravis,
673 2309 789 2353 tenetur
810 2297 1070 2355 reconciliationem
1097 2319 1148 2373 pe-
1187 2311 1188 2364 ξ

227 2387 306 2438 tere,
331 2372 383 2449 qui
402 2390 482 2501 prsus
508 2372 654 2441 offendit,
679 2371 746 2446 quia
769 2373 850 2449 prius
874 2372 974 2438 laesus,
998 2372 1079 2448 prius
1103 2377 1148 2447 jus
1187 2407 1188 2426 2

227 2448 316 2505 habet
338 2446 401 2505 satis
414 2445 553 2503 actionem
573 2448 721 2535 exigendi:
742 2447 764 2502 si
788 2468 856 2505 vero
881 2447 1000 2503 offensio
1027 2448 1062 2504 sit
1082 2448 1150 2502 inm-

230 2522 340 2599 qualis‚
367 2534 482 2580 tenetur
499 2520 563 2588 ille,
579 2544 630 2597 qus
649 2520 763 2609 gravius
778 2521 897 2579 offendit
911 2545 919 2589 3
946 2542 1013 2577 nam
1032 2524 1151 2598 gravior

228 2598 345 2655 offensio
363 2594 499 2675 praevelet
517 2597 715 2672 priori-minus
738 2598 839 2673 gravi,
859 2610 889 2655 et
909 2597 948 2656 sic
967 2597 1048 2674 prius
1070 2619 1151 2655 com-

229 2674 377 2749 pensanda
399 2684 447 2730 est.
474 2674 510 2728 Et
535 2692 662 2730 excessus
682 2672 730 2730 ille
750 2686 808 2741 est,
825 2672 907 2747 quasi
926 2693 1003 2730 nova
1021 2673 1152 2748 injuria,

230 2768 294 2823 quae
310 2770 418 2805 novum
432 2749 477 2822 jus
492 2747 557 2804 laeso
578 2747 628 2805 dat
647 2748 780 2825 exigendi
798 2748 1023 2805 satisfactionum.

306 2822 454 2881 Tenemur
477 2821 590 2881 inimico
617 2824 730 2881 veniam
750 2824 862 2899 petenti
880 2823 1018 2880 offensem
1033 2844 1072 2879 ex
1091 2826 1153 2880 ani»

231 2918 278 2955 mo
302 2899 482 2963 condonare,
510 2917 570 2953 non
592 2911 686 2955 tamen
713 2899 855 2955 remittere
871 2898 996 2955 debitum
1021 2901 1154 2957 sarcitio·

230 2992 297 3039 nem
318 2972 453 3037 honoris,
476 2972 577 3037 fame,
602 2972 648 3031 vel
674 2974 822 3048 pecunie:
844 2975 882 3032 ed
904 2974 980 3033 hauc
1004 2974 1085 3031 enim
1106 2980 1153 3051 jus

228 3046 367 3103 habemus
384 3089 391 3115 ‚
407 3046 531 3120 ideoque
554 3046 632 3103 illam
655 3069 670 3104 e
712 3061 788 3106 etere
802 3069 951 3125 possumus
967 3093 975 3119 ,
992 3070 1053 3106 non
1077 3072 1152 3127 qua·

228 3133 312 3176 tenus
337 3136 377 3177 est
396 3120 502 3178 melum
517 3122 640 3191 inimici,
657 3069 711 3179 eddj
721 3136 862 3198 quatenus
883 3123 914 3179 in
935 3131 1070 3181 nostrum
1099 3128 1155 3183 bo·
1187 3151 1188 3154 ¹

230 3213 301 3258 num
319 3196 426 3269 justum
442 3196 530 3265 cedit,
547 3210 575 3254 et
590 3212 720 3254 nostrum
739 3199 876 3273 injustum
895 3201 1003 3257 malum
1018 3203 1153 3277 expellit.
1187 3255 1188 3266 ,

228 3272 291 3325 Imo
314 3284 414 3327 contra
433 3290 520 3341 eum,
540 3272 591 3347 qui
612 3273 713 3347 injuste
733 3294 785 3329 nos
806 3273 886 3348 lesit,
898 3275 965 3333 licet
997 3276 1155 3336 instituere

232 3345 373 3402 actionem
401 3358 463 3402 tum
482 3345 614 3414 civilem,
638 3361 700 3405 tum
719 3348 915 3419 criminalem,
935 3351 1101 3409 dummodo
1124 3354 1156 3409 id

229 3442 289 3476 non
312 3420 363 3477 fiat
378 3441 413 3477 ex
429 3418 495 3476 odio
512 3419 557 3477 vel
574 3421 629 3477 elio
649 3444 740 3499 pravo
760 3422 839 3490 fine,
854 3426 906 3481 sed
921 3447 959 3482 ex
977 3445 1080 3484 amore
1098 3449 1158 3505 pur

229 3496 311 3553 hlicae
330 3495 458 3571 justitiae,
479 3514 515 3551 ne
530 3494 590 3551 aliis
606 3512 724 3565 noceat,
741 3498 838 3556 velue
854 3500 995 3577 impunita
1011 3517 1157 3560 maneant
1187 3555 1188 3558 ,

230 3570 347 3627 crimina
367 3592 434 3633 eum
452 3570 629 3649 Reipublicae
650 3572 766 3629 damno:
783 3575 834 3648 qui
854 3588 947 3632 temen
968 3578 1158 3652 procedendi

232 3646 332 3707 modus
351 3647 494 3705 ordinarie
513 3666 573 3703 nou
593 3660 673 3704 vacat
691 3649 843 3725 periculo,
861 3671 928 3709 cum
946 3670 1032 3730 paucr
1048 3673 1158 3713 amore
