2384 4442
837 452 907 523 133

126 559 161 623 (ι)
183 550 355 607 Trimalchio
376 551 454 627 apud
464 549 631 607 Petronium
651 552 703 607 ait:
720 552 825 610 laurici
841 565 870 607 et
886 552 959 609 servi

58 626 175 682 homines
198 640 285 693 sunt,
307 640 333 683 ct
354 648 434 702 seque
455 646 545 680 tinum
564 626 608 681 lac
627 626 777 694 biberunt,
796 626 904 683 etiamsi
926 625 959 682 il-

58 702 94 757 los
112 703 199 757 malus
215 703 296 757 soetus
316 700 488 777 oppresserit
509 700 590 760 »AEt
616 699 765 755 Philemon
784 702 862 776 apud
881 702 961 757 Heb-

57 776 156 832 basum:
174 802 186 829 a
208 776 283 832 Here
307 776 435 851 quisquis
456 796 484 832 es
504 775 591 831 homo
612 788 696 830 natus
711 777 838 848 quemvis
858 776 961 833 serviat

57 853 76 907 is
90 852 261 919 servitutem,
271 864 364 907 tamen
380 872 437 908 esse
453 850 542 905 bomo
554 869 616 904 non
630 848 733 905 desinit
746 873 767 901 ν.
785 847 897 905 Tullius
912 850 961 907 de·

58 927 138 1001 nique
155 924 216 981 Lib.
238 947 258 979 1.
279 928 315 981 de
333 928 446 999 Officiis
462 922 588 998 cap.13.
608 924 857 991 «Meminerimus,
877 924 961 979 etiam

58 1002 182 1059 adversus
202 1000 328 1057 infirmos
350 1000 486 1075 justitiam
505 1020 562 1055 esse
587 999 762 1056 servandam.
789 1000 840 1054 Est
867 1010 962 1055 autem

57 1078 161 1133 infirma
175 1076 319 1143 conditio,
334 1091 360 1131 et
374 1077 488 1133 fortuna
513 1094 676 1143 servorum,
691 1075 797 1149 quibus
816 1093 877 1143 non
888 1072 961 1130 male

59 1152 244 1227 precipiunt,
265 1150 316 1225 qui
336 1151 373 1206 ita
397 1150 497 1225 jubent
519 1150 579 1217 uti,
601 1163 634 1205 ut
651 1148 854 1217 mercenariis,
874 1168 961 1225 opera

61 1226 210 1302 exigenda,
228 1229 302 1300 justa
321 1224 509 1303 praebenda».

154 1371 188 1465 §
211 1369 293 1467 371.
324 1367 426 1440 Hisce
456 1368 690 1465 premonitis‚
715 1393 797 1439 eum
822 1365 890 1437 vita
920 1365 962 1437 sit

60 1472 229 1569 pretiosior
260 1470 351 1543 civili
378 1471 558 1558 libertate,
585 1471 678 1543 licite
708 1469 831 1568 procul
854 1467 961 1539 dubio

61 1592 92 1645 et
116 1573 223 1647 valide
253 1590 365 1671 potest
394 1574 471 1672 qui's
489 1574 588 1649 istam
607 1574 791 1660 abdicare,
821 1571 850 1642 si
876 1570 962 1642 alius

60 1693 171 1774 praesto
197 1704 271 1749 non
290 1677 332 1749 sit
350 1675 488 1748 vivendi
514 1676 663 1763 modus,
694 1677 838 1774 ejusque
858 1698 963 1744 usum

61 1781 93 1850 in
112 1780 167 1851 tali
186 1807 268 1851 casu
287 1780 384 1851 alteri
401 1780 575 1866 vendere,
604 1780 665 1877 qui
688 1778 833 1877 proinde
853 1775 964 1871 legiti-

62 1909 130 1953 mus
149 1883 305 1979 ejusdem
323 1882 484 1955 domi-nus
515 1881 635 1954 evadit.
655 1882 745 1977 Ergo
771 1908 798 1951 i.
818 1878 912 1949 licita
930 1894 966 1948 et

63 1985 161 2057 valida
181 2003 232 2057 est
251 1985 330 2057 solis
349 1985 562 2057 naturalibus
582 1984 703 2059 officiis
733 1980 872 2081 precise
892 2007 965 2078 spe

64 2090 151 2159 etatis
180 2088 330 2161 obnoxia
356 2088 499 2160 servitus
531 2114 675 2174 eorum,
703 2087 764 2186 qui
793 2083 967 2157 advitam

63 2192 256 2265 servandam
283 2191 381 2263 alteri
408 2219 443 2263 se
473 2191 655 2277 vendunt,
690 2188 845 2288 quamvis
872 2185 967 2282 inju-

63 2310 145 2365 stum
169 2295 313 2367 omnino
333 2294 374 2365 sit
393 2295 542 2393 aliquem
565 2294 609 2365 ad
631 2291 832 2390 hujusmodi
860 2287 964 2360 servi·

62 2414 163 2469 tutem
190 2397 370 2469 fraudibus
396 2398 563 2483 allicere,
590 2414 651 2467 aut
680 2396 715 2467 vi
744 2391 962 2490 compellere.

65 2498 161 2588 Solis,
179 2502 338 2600 inquam,
358 2500 571 2572 naturalibus
591 2498 713 2569 officiis
732 2497 870 2593 praecise
893 2520 968 2589 spe-

64 2604 174 2691 ctatis,
202 2604 284 2704 quie
311 2602 402 2675 inter
423 2600 637 2675 Christianos
656 2626 730 2671 mos
749 2594 915 2669 obsolevit
932 2622 967 2664 se

63 2703 167 2801 ipsum
185 2708 223 2778 in
245 2732 382 2779 servum
409 2704 594 2777 vendendi.
607 2703 690 2776 Nee
711 2701 805 2771 enim
823 2697 968 2769 servitus

63 2806 306 2907 adscriptorum
325 2808 452 2905 glabre,
480 2808 547 2879 sive
569 2806 774 2878 colonorum
792 2819 892 2871 terrae
910 2798 970 2872 ad·

64 2912 288 3008 scriptorum,
318 2912 379 3012 qui
406 2938 488 2984 cum
506 2938 585 3005 agro
606 2908 788 2980 dominum
806 2917 969 2987 mutant,

64 3017 209 3108 perlecta
238 3015 381 3087 servitus
409 3031 469 3087 est.
490 3013 572 3085 Haec
599 3012 727 3110 quippe
747 3036 820 3080 non
840 3005 969 3089 efficit,

64 3117 152 3212 quod
172 3118 288 3191 coloni
307 3116 361 3191 sui
379 3118 465 3215 juris
483 3117 521 3186 in
541 3115 683 3214 reliquis
701 3140 774 3185 non
794 3112 885 3195 sint,
902 3109 969 3179 hoc

66 3218 170 3291 solum
190 3238 353 3318 excepto,
369 3219 464 3319 quod
485 3219 641 3291 eamdem
658 3235 757 3289 terrae
776 3214 973 3314 portionem

66 3348 192 3420 semper
206 3324 318 3395 colere
339 3323 509 3409 debeant,
529 3350 589 3394 seu
609 3321 652 3392 ad
672 3321 773 3392 aliam
792 3314 971 3389 invitodo·

65 3424 154 3496 mino
183 3425 329 3499 transire
357 3426 630 3525 prohibeantur:
659 3422 754 3522 quod
778 3414 971 3492 communis

64 3524 142 3597 boni
161 3556 264 3601 causa
283 3530 320 3601 in
340 3524 517 3631 aliquibus
531 3527 730 3625 regionibus
749 3524 880 3596 sactum
899 3535 972 3604 est,
