2384 4442
838 492 913 567 163

38 608 239 667 monstrant
270 589 460 688 Theologi)
495 590 538 661 ad
573 594 844 682 controversias,
883 624 966 695 quae

44 696 143 768 circa
168 692 327 767 veritates
347 694 539 767 revelatas
529 720 709 789 msurgere
728 716 888 792 possunt,
907 700 959 817 div

38 797 233 885 rimendas,
260 822 376 869 unum
399 802 523 869 saltem
548 796 703 868 tribunal
731 802 945 896 prorsusin

38 900 200 988 adibile,
219 926 345 998 nempe
373 926 499 999 corpus
524 898 777 999 Episcoporum
803 900 967 977 Romano

41 1002 211 1077 Pontifici
237 1030 398 1101 supremo
428 1002 591 1076 Ecclesia
618 1003 723 1101 capiti
752 989 965 1101 conjuncto·
1003 1042 1011 1051 ·

39 1132 146 1194 rum,
172 1105 325 1178 dubitari
353 1106 459 1178 etiarn
485 1132 560 1177 uon
577 1122 712 1203 potest,
732 1105 819 1204 quin
838 1106 963 1203 hujus

39 1209 139 1282 modi
164 1209 346 1281 tribunalis
373 1208 609 1280 decisionibus
643 1208 857 1281 adhaerentes
884 1236 960 1280 non

45 1312 268 1400 humanum,
287 1311 349 1384 sed
375 1312 533 1385 divinum
551 1311 707 1411 quamvis
725 1339 788 1409 per
805 1312 970 1384 homines

42 1430 213 1513 tanquam
230 1440 408 1513 praecones
430 1414 708 1513 pronunciatum
723 1414 964 1490 testimouium
1036 1454 1039 1460 ,

44 1517 239 1615 accipiant,
270 1536 305 1588 et
333 1534 536 1617 sequantur.

74 1652 75 1657 ¹
152 1621 187 1717 §.
211 1644 268 1693 ro.
297 1620 375 1693 Nee
394 1619 513 1693 Deum
539 1618 687 1692 dedecet
708 1619 860 1693 revelare
879 1620 967 1692 reri-

42 1740 131 1795 tates
160 1722 350 1811 obscuras,
377 1747 530 1822 quarum
554 1723 688 1795 scilicet
713 1722 801 1794 ratio
829 1739 864 1796 et
892 1748 969 1795 mo·

44 1825 110 1897 dus
130 1850 150 1896 a
168 1824 269 1897 nobis
288 1850 361 1897 non
381 1840 587 1921 agnoscatur
610 1854 619 1898 ι
642 1825 710 1897 hoc
730 1824 830 1897 enim
842 1850 965 1897 neees-

43 1928 134 2001 sario
153 1927 313 2026 provenit
330 1954 404 2000 non
431 1952 474 2000 ex
501 1926 691 1999 intrinseca
708 1928 861 2025 ipsarum
878 1927 972 1999 veri-

43 2046 161 2101 tatum
178 2045 326 2119 natura,
353 2029 414 2102 sed
444 2056 488 2103 ex
514 2029 625 2102 nostri
649 2029 849 2102 intellectus
878 2029 970 2101 limi-

42 2131 178 2203 tatione
204 2187 214 2219 ‚
242 2134 277 2205 vi
305 2134 408 2230 cujus
445 2132 621 2205 rationem
653 2158 794 2233 quoque
824 2159 866 2204 ac
895 2159 969 2205 mo-

44 2234 133 2308 durn
151 2234 309 2332 plurium
324 2234 539 2308 naturalium
555 2235 741 2309 veritatum
757 2235 968 2332 ignoramus.

154 2338 188 2433 S
217 2360 272 2408 rr.
301 2336 466 2434 Denique
499 2337 618 2409 divina
643 2339 805 2408 revelatio
834 2366 912 2435 quae
929 2339 969 2409 in
1054 2431 1061 2441 θ

44 2438 231 2537 utriusque
249 2438 448 2511 testamenti
465 2437 600 2535 paginis
618 2439 842 2525 continetur,
851 2440 974 2511 Deum

45 2541 149 2614 nobis
170 2541 310 2612 exhibet
327 2540 430 2636 longe
451 2540 627 2612 diversum
645 2540 688 2609 ab
708 2566 749 2611 eo
762 2542 971 2659 ‚quemirn-

45 2642 299 2743 pudentissime
337 2643 450 2741 pingit
486 2641 683 2715 Rousseau.
721 2640 824 2713 ln'
801 2668 843 2711 ns
874 2643 974 2716 enirn

48 2746 189 2865 passim·
197 2744 298 2818 nobis
317 2744 583 2817 commendatur
600 2769 697 2815 amor
718 2741 970 2842 proximorum,

48 2850 125 2923 imo
145 2848 249 2921 etiam
267 2849 515 2940 inimicorum,
542 2848 592 2918 ita
613 2863 730 2919 tamen
748 2862 789 2917 ut
807 2872 894 2945 quos
912 2845 970 2916 ad

50 2952 221 3025 versarios
244 2952 283 3023 in
300 2952 356 3023 via
374 2950 444 3023 Dei
471 2951 649 3051 patimur,
668 2948 846 3035 odiendo,
866 2949 972 3019 etsu-

52 3054 183 3152 giendo
202 3054 407 3127 nesciamus.
437 3052 608 3128 Pasn'm
598 3079 743 3150 msuper
760 3051 859 3125 Deus
887 3050 974 3123 diei-

52 3174 116 3229 ιιιι
153 3157 345 3256 unicuique
382 3156 458 3229 sinc
499 3181 728 3255 personarum
769 3154 978 3273 acceptione

56 3258 288 3333 redditurus
278 3276 376 3358 Juxta
396 3286 499 3357 opera
526 3287 612 3347 sua,
633 3259 682 3330 ita
710 3274 828 3331 tamen
853 3276 894 3331 ut
912 3256 975 3329 mi·

61 3362 248 3436 sericordia
267 3361 499 3481 superexaltet
523 3361 706 3459 judicium.
733 3361 778 3435 Et
803 3362 871 3433 hoc
897 3386 975 3457 pro

60 3465 120 3538 cul
140 3465 247 3538 dubio
267 3492 371 3539 sensu
391 3464 502 3562 accipi
492 3464 650 3536 debent
677 3462 857 3536 nonnullae
875 3463 975 3558 phra

58 3596 113 3644 ses
129 3624 139 3658 ,
158 3570 286 3669 quibus
305 3567 537 3656 enunciatur,
564 3566 687 3643 Deum
700 3593 772 3640 esse
803 3564 955 3639 zelotem
966 3618 982 3650 ,
