2384 4442
845 500 890 575 61

30 595 245 672 trahentium
264 620 453 673 consensus
476 602 517 673 iis
537 603 698 676 omnibus
721 603 948 677 circumstan-

30 703 83 774 tiis
115 702 289 789 indutus,
318 730 402 803 quas
437 706 504 802 (S.
534 704 651 804 296.)
684 708 946 779 recensuimus:

31 832 112 877 nam
130 805 373 904 unusquisque
391 807 462 903 juri
479 836 541 907 per
559 826 702 906 pactum
718 808 784 880 sihi
801 805 948 907 acquisi-

30 926 64 980 to
87 924 203 1006 potest
220 908 344 1006 procul
367 910 474 982 dubio
493 911 711 983 renunciare.
737 910 878 983 Tertius
897 924 949 978 est

31 1012 279 1108 superveniens
297 1010 349 1082 rei
368 1031 546 1087 conventae
564 1012 817 1112 impossibilitas
841 1010 948 1108 turpi·

29 1116 115 1186 tudo
132 1168 142 1201 ‚
161 1114 217 1186 vel
240 1113 416 1189 inutilitas,
443 1116 597 1212 Quartus
621 1135 673 1190 est
691 1116 768 1189 talis
797 1112 948 1188 materiae

29 1216 196 1303 mutatio,
224 1233 265 1287 ut
288 1216 479 1314 prudenter
500 1220 703 1316 judicetur,
734 1218 949 1316 paciscentes
999 1211 1010 1221 ⁷

30 1321 182 1393 noluisse
201 1320 240 1390 in
260 1320 320 1391 tali
338 1339 464 1395 eventu
485 1350 519 1395 se
540 1323 702 1418 obligare.
724 1322 879 1416 Quintus
891 1320 952 1390 de·

30 1425 137 1522 nique
158 1438 209 1493 est
227 1422 333 1493 unius
353 1450 371 1494 e
391 1425 645 1520 paciscentibus
663 1425 831 1523 perfidia:
854 1423 951 1517 inju-

32 1544 125 1601 stum
143 1526 272 1623 quippe
299 1544 442 1598 nonest
468 1544 508 1599 ut
527 1528 701 1623 frangenti
731 1527 835 1598 [idem
862 1525 949 1595 fides

30 1632 210 1724 frangatur
230 1626 366 1721 eide1n3
386 1656 484 1701 secus
508 1631 564 1702 hic
584 1633 741 1702 fructum
759 1658 778 1701 e
803 1657 865 1701 sua
884 1626 951 1697 ini·

9 1733 164 1831 1quitate
193 1748 394 1828 reportaret.
419 1732 525 1805 Unde
545 1760 564 1802 a
582 1732 698 1803 nimiae
726 1730 954 1827 simplicitatis

35 1852 118 1907 nota
131 1834 289 1905 excusari
298 1834 422 1931 nequit
430 1832 504 1905 Rex
517 1834 653 1932 ille,qui
670 1850 755 1905 teste
767 1834 955 1905 Philostra-

32 1956 67 2009 to
87 1936 203 2009 loedus
224 1963 306 2007 cum
325 1936 440 2008 vicino
469 1963 673 2034 percussum
691 1952 809 2008 sancte
836 1963 872 2009 se
892 1962 954 2006 cu·

33 2040 247 2112 stoditurum
275 2040 448 2136 professus
469 2058 544 2127 est,
568 2039 722 2139 quamvis
741 2054 863 2109 contra
891 2040 955 2109 soe·

33 2144 123 2215 deris
152 2141 246 2237 leges
266 2168 358 2213 arma
385 2142 521 2215 vicinus
539 2158 701 2213 moveret.
732 2141 883 2215 Advorte
905 2157 954 2212 ta·

33 2274 139 2333 men,
159 2272 234 2315 non
262 2244 378 2317 omnia
403 2270 483 2317 mox
510 2244 602 2317 diota
631 2244 675 2316 ad
701 2243 956 2317 matrimoniale

32 2366 177 2449 pactum
208 2348 347 2419 extendi
360 2428 363 2435 ¹
376 2374 483 2445 posse.
516 2347 610 2421 Huic
640 2347 734 2419 enim
764 2345 954 2443 singulares

33 2452 206 2533 ornnin0,
236 2467 277 2522 ut
294 2451 385 2523 insra
407 2450 622 2538 videbimus,
647 2465 850 2548 competunt
868 2475 955 2546 prae·

33 2556 205 2653 rogativae.
226 2555 278 2651 (1)

43 2754 47 2762 ·
110 2738 120 2803 (
126 2736 150 2800 1)
165 2730 268 2787 Cicero
286 2730 349 2785 Lib.
360 2749 384 2787 2.
398 2730 435 2786 de
453 2732 620 2786 Inventione
638 2731 710 2799 Cap.
726 2724 770 2795 do.
788 2724 839 2779 ait:
855 2749 867 2776 a
885 2724 959 2795 Quae

34 2806 178 2864 sententia
202 2804 344 2880 inscriptis
367 2804 454 2861 suerit
474 2826 510 2861 ex
530 2803 637 2860 caeteris
652 2806 714 2877 ejus
726 2798 849 2875 scriptis,
864 2820 899 2854 ex
916 2797 958 2851 di-

35 2883 99 2952 ctis,
117 2880 208 2947 factis,
223 2879 330 2949 animo,
343 2893 371 2937 et
382 2880 440 2936 vita
453 2880 513 2955 ejus
527 2876 600 2935 sumi
615 2875 761 2953 oportebit
778 2897 806 2929 r.
822 2872 959 2945 Quidam,

36 2972 107 3015 teste
125 2956 230 3016 eode'rn
246 2954 359 3020 Tullio,
374 2956 517 3011 ibidum
531 2966 699 3009 testamento
714 2950 840 3025 legatum
856 2948 960 3005 consti·

36 3030 251 3091 tueratzhaeres
277 3050 357 3086 meus
381 3050 514 3087 vasorum
545 3041 745 3104 argenteorum
768 3023 868 3102 pondo
898 3044 958 3080 roo.

35 3125 172 3167 novercae
192 3104 273 3179 quod
297 3103 375 3162 volet
391 3104 458 3161 dato
477 3128 504 3159 o.

112 3180 206 3257 Apud
222 3178 432 3249 Quintilianum
449 3180 608 3235 Declamat.
625 3175 688 3232 332.
706 3175 769 3231 talis
784 3174 962 3251 proponitur

37 3280 138 3317 casus:
164 3281 178 3309 α
196 3256 312 3330 Pauper
326 3268 355 3311 et
367 3254 446 3311 dives
463 3252 546 3309 amici
571 3264 671 3320 erant,
688 3251 767 3307 dives
787 3262 960 3307 testamento

36 3335 128 3391 aliurn
154 3331 278 3388 amicum
297 3330 441 3385 bonorum
460 3326 604 3383 haeredem
620 3326 741 3382 instituit
757 3324 879 3401 pauperi
899 3322 962 3377 dari

35 3409 142 3486 jussit,
162 3406 194 3461 id
213 3404 296 3480 quod
315 3402 434 3465 ille.sibi
454 3414 622 3459 testamento
650 3402 737 3457 daret.
759 3402 874 3475 Aperta
894 3409 962 3451 sunt

37 3483 145 3543 tabulae
165 3479 315 3558 pauperis:
337 3478 465 3535 omniunt
478 3478 624 3533 honorum
643 3476 805 3532 instituerat
824 3470 959 3527 haeredes.

36 3560 116 3617 Petit
141 3570 233 3614 totam
260 3554 354 3611 divitis
378 3552 586 3610 haereditatem.
603 3550 655 3607 Ille
682 3551 733 3625 qui
757 3547 878 3622 scriptus
901 3557 963 3601 erat

38 3637 102 3697 vult
128 3633 199 3687 dare
227 3642 339 3686 tanturn
362 3624 503 3703 quantum
522 3626 551 3682 in
568 3646 685 3682 censum
700 3625 788 3680 habet
801 3641 962 3697 pauper».

117 3707 228 3782 Quoad
256 3704 382 3783 primum
408 3716 521 3779 poterat
551 3701 636 3760 vitari
666 3697 836 3775 ambiguitas
867 3695 964 3753 addita
