2384 4442
827 480 877 530 10

58 560 123 656 lege
140 554 268 631 naturas
297 572 373 645 cst,
400 558 496 658 quod
522 576 681 658 parentes
710 560 788 634 filiis
818 482 955 634 thesim

57 665 154 735 rizent
177 666 187 760 (
203 688 233 733 2.
245 659 354 733 Chor.
362 686 416 734 12.
431 662 440 761 )
470 680 504 735 et
523 663 584 735 lilii
603 678 787 761 parentum
803 666 959 738 haeretles

58 768 122 839 sint.
140 764 181 838 Et
199 764 277 835 itleo
297 790 380 835 oum
408 766 521 863 proles
552 768 595 838 sit
620 792 805 839 commune
822 768 956 841 honum

57 869 159 939 viriet
177 866 315 954 uxoris,
336 886 496 965 oportet,
524 896 647 943 eorum
666 870 865 941 societatem
881 898 958 967 per·

57 988 148 1070 petuo
165 997 367 1069 permanere
386 971 577 1047 indivisam.
606 973 668 1045 His
688 972 847 1059 accedit,
866 972 961 1070 quod

57 1074 151 1172 posita
169 1075 271 1146 etiam
291 1091 512 1175 temporanea
542 1075 647 1174 prolis
667 1074 858 1148 educandae
877 1076 960 1147 obli·

60 1179 202 1274 gatione,
222 1202 305 1249 oum
324 1202 395 1275 quo
413 1194 567 1277 tempore
588 1180 756 1276 conjuges
784 1179 867 1250 huio
886 1197 965 1250 mu·

58 1283 121 1352 neri
146 1307 285 1379 operam
313 1307 438 1355 navare
466 1282 621 1372 debent,
648 1299 808 1356 mutuam
836 1282 875 1353 in
902 1308 964 1353 sua

59 1384 192 1457 invicem
230 1410 376 1482 corpora
413 1340 621 1483 potestatem
654 1387 845 1473 habeant,
881 1385 965 1457 alios

58 1490 195 1585 prolecto
216 1486 367 1559 filios
337 1514 477 1583 gignere
507 1505 676 1587 possunt,
704 1517 791 1589 quos
821 1515 894 1560 non
915 1515 964 1560 se-

62 1618 114 1662 cus
142 1619 178 1664 ac
205 1591 340 1689 priores
371 1592 519 1665 educare
551 1609 751 1680 tenentur,
782 1592 884 1665 etsie
909 1591 968 1663 de·

63 1694 176 1793 inceps

151 1800 185 1916 §.⁹
207 1800 293 1899 347.
314 1798 391 1873 Nec
413 1818 487 1888 est,
513 1802 609 1899 quod
627 1800 705 1900 quis
722 1816 880 1896 regerat,
899 1825 969 1873 rna-

62 1900 251 1975 trimonium
270 1904 429 1975 contrahi
453 1932 588 2003 posse
571 1931 590 1975 a
609 1903 842 1990 sterilibus,
832 1930 870 1973 m
890 1902 965 2001 qui·

61 2004 115 2076 hus
142 2006 225 2077 ratio
259 2006 301 2076 ab
332 2006 522 2079 educandae
551 1993 657 2105 prolis
682 2007 890 2103 obligatione
910 2032 969 2107 pe

61 2106 111 2178 tite
127 2108 245 2181 locum
262 2135 336 2180 non
355 2110 468 2183 habet.
498 2110 574 2183 Hoc
596 2112 691 2183 enim
713 2112 732 2210 l
753 2110 843 2182 sicut
863 2108 968 2181 etiam

62 2212 240 2308 conjugalis
272 2213 404 2311 oopulae
435 2214 571 2286 omissio
598 2242 662 2313 per
688 2214 865 2310 integrum
882 2230 970 2283 tem·

62 2340 115 2410 pus
132 2315 238 2387 liliis
227 2342 299 2411 lam
318 2316 484 2414 susceptis
504 2315 967 2436 educandrunecessarium)

62 2418 151 2489 relate
181 2418 224 2490 ad
258 2418 463 2521 conjugium
486 2447 547 2517 per
575 2420 737 2491 accidens
767 2423 802 2491 se'
840 2420 969 2490 hahet.

62 2520 220 2593 rectitudo
241 2538 359 2593 autem
377 2516 571 2607 naturalis,
600 2539 641 2593 nt
661 2522 794 2616 egregie
815 2522 972 2591 observat

66 2620 104 2694 D.
123 2623 272 2697 Thomas
299 2624 380 2697 Lib
412 2626 445 2695 3.
476 2638 604 2697 contra
637 2620 975 2719 Gent.Cnp.122..

68 2725 129 2797 oln
156 2728 318 2800 humanis
344 2744 399 2799 act
386 2727 478 2797 tibus
506 2751 579 2796 non
609 2741 659 2795 est
685 2723 881 2795 seeundum
910 2750 975 2810 ea,

65 2856 129 2926 quae
155 2858 217 2929 per
249 2829 410 2904 accidens
439 2806 677 2923 contingunt,
695 2826 755 2897 sed
776 2824 974 2897 secundum

63 2958 109 3019 ea,
126 2960 199 3030 quae
219 2950 328 3005 totam
348 2932 500 3031 speeiem
517 2947 805 3029 consequuntur.
834 2928 945 3001 Imo
935 2954 976 2999 111
1062 2936 1066 2940 ’

63 3032 184 3129 legibus
204 3035 308 3107 etiam
327 3034 533 3107 humanis
508 3062 536 3105 s1
554 3033 728 3130 legislator
747 3034 789 3105 ad
816 3031 972 3103 nonnul

63 3134 90 3206 la
106 3137 323 3210 incommoda
352 3136 577 3237 praecavenda
605 3136 735 3237 aliquid
767 3136 973 3234 generaliter

65 3240 258 3335 prohibeat,
288 3241 423 3313 tametsi
452 3242 673 3340 praesumptio
701 3241 908 3339 quibusdam
936 3239 975 3309 in

67 3343 191 3415 casibus
212 3342 256 3439 sit
274 3345 382 3432 salsa,
401 3343 666 3416 nihilominus
657 3372 694 3416 m
713 3344 833 3415 illist
800 3344 902 3415 etiam
920 3341 976 3411 lex

69 3446 214 3566 obligat,
245 3448 327 3545 quia
346 3446 513 3552 nimirum
536 3448 805 3532 fundamentalis
824 3444 907 3541 legis
926 3470 978 3515 ra·

31 3610 33 3615 ,
67 3552 109 3625 tio
131 3549 335 3624 subsistit»
