2384 4442
834 497 906 575 115

35 600 109 641 vare.
123 582 192 641 Hac
209 604 279 643 vero
291 600 323 645 et
338 588 431 645 animo
448 588 496 646 ille
512 613 540 649 se
553 592 665 669 privat,
680 596 731 670 qui
755 596 828 654 filios
841 612 870 655 et
885 620 956 655 uro·

32 659 254 736 remuegligits.
271 661 370 721 Romae
390 664 553 735 Camillus,
572 682 601 725 et
620 670 799 729 Posthumius
819 676 959 731 Censores

32 752 93 789 aera
115 754 216 809 poenae
237 739 352 795 nomine
371 758 419 795 eos
439 741 489 815 qui
510 741 546 797 ad
566 756 739 802 senectutem
762 748 873 805 caelibes
891 770 957 826 peo-

31 824 175 867 venerant
196 810 228 866 iu
247 812 379 869 aerarium
395 814 504 872 deferre
517 820 678 891 jusserant,
690 820 771 894 quod
786 822 898 879 mulctoe
909 844 957 899 ge·

32 900 83 937 nus
104 883 262 943 dicebatur
280 888 424 944 uxorium.
445 891 488 947 De
507 891 569 968 lege
590 894 679 970 Papia
699 896 817 971 Poppea
832 896 897 953 vido
911 899 958 953 ni·

32 958 127 1031 psium
149 960 191 1015 ad
216 980 281 1018 ann.
301 964 352 1017 ΠΙ.
374 964 482 1033 Taciti,
500 979 528 1022 et
545 968 636 1025 Jacob
649 968 867 1025 Cotholredum.
891 972 958 1029 Plu·

33 1033 150 1091 tamhus
171 1035 206 1091 in
223 1036 487 1112 Apotlsegmatibus
502 1044 626 1099 laconiis
644 1056 764 1112 narrat,
786 1044 958 1120 Dercyllidas

33 1108 177 1181 praeclaro
201 1111 329 1187 alioquin
349 1116 520 1189 Imperatori
542 1118 697 1191 quemdam
720 1118 867 1193 juniorum
891 1120 958 1177 sede

34 1201 93 1237 non
112 1183 289 1243 decessisse:
315 1214 329 1241 «ι
346 1208 441 1265 neque
462 1190 537 1247 enim
552 1232 560 1259 ,
575 1193 691 1267 inquit,
706 1206 738 1250 tu
754 1191 891 1268 genuisti,
907 1195 959 1269 qui

34 1256 102 1313 mihi
122 1259 199 1316 olim
219 1282 345 1319 cessurus
364 1264 400 1319 sit
421 1284 451 1318 a.
472 1265 599 1323 AElianus
624 1272 700 1323 Hist.
728 1270 762 1321 L,
786 1288 808 1322 1.
832 1270 905 1342 Cap.
928 1272 956 1325 li

35 1333 132 1390 recitat
152 1334 248 1413 legem
265 1336 498 1412 Spartanorum,
518 1353 550 1395 ut
570 1342 621 1417 qui
642 1356 697 1398 tres
718 1340 790 1398 filios
809 1342 958 1417 Reipubli-

35 1424 72 1463 cte
96 1411 326 1487 suppeditarat,
344 1412 367 1469 is
393 1414 429 1469 ab
454 1414 580 1472 excubiis
598 1416 673 1474 liber
698 1429 792 1484 esset,
812 1417 862 1492 qui
887 1438 957 1475 vern

37 1483 171 1570 quinque
186 1529 193 1556 ,
207 1487 245 1573 ab
265 1488 397 1546 omnibus
416 1489 527 1560 officiis,
547 1503 576 1549 et
594 1491 756 1571 sumptibus
775 1491 897 1569 publicis
916 1494 958 1552 fo·

37 1571 79 1614 ret
97 1579 245 1618 nnmunrs.

109 1635 206 1693 Divus
226 1650 321 1695 autem
341 1638 466 1695 Thomas
480 1639 617 1715 praeclare
632 1643 716 1717 juxta
734 1660 844 1699 morem
859 1640 958 1700 hac‘in

38 1726 66 1764 re
85 1708 143 1765 ait:
165 1729 190 1767 2.
214 1729 238 1768 2.
261 1716 367 1787 Quaest.
385 1714 428 1771 52.
449 1714 541 1771 Artic.
561 1734 584 1773 a.
608 1743 622 1770 a
643 1718 822 1793 Praeceptum
839 1718 957 1775 Genesis

42 1785 297 1862 «multiplicamini
305 1804 356 1847 etc.
370 1813 382 1840 υ
396 1809 456 1846 non
468 1789 581 1866 respicit
596 1790 732 1865 singulos,
742 1792 792 1847 sed
801 1791 960 1847 multitudi-

39 1876 102 1915 nem
117 1861 296 1931 hominum,
316 1884 405 1939 quam
423 1866 610 1921 necessatium
630 1877 751 1921 estnon
774 1864 866 1920 solum
885 1866 958 1923 mul-

39 1932 162 2009 tiplicari
175 1938 376 2013 corporaliter,
386 1939 435 1995 sed
447 1939 531 1995 etiam
542 1940 683 2015 prolicere
694 1939 888 2015 spiritualiter,
896 1938 959 2016 'quo

38 2008 108 2067 circa
120 2010 190 2067 satia
202 2013 372 2089 providetur
386 2014 519 2071 humanae
534 2013 725 2084 multitudini,
742 2014 765 2069 si
778 2014 896 2089 quidam
911 2036 959 2091 go·

39 2086 180 2143 nerationi
200 2088 310 2160 carnali
327 2108 445 2165 operam
467 2089 562 2159 dont,
584 2089 703 2163 quidam
723 2104 835 2148 contem
858 2089 959 2145 lationi

39 2156 204 2218 divinorum
225 2177 327 2222 vacent
343 2165 380 2219 ad
401 2164 487 2221 totius
502 2165 622 2221 humani
637 2166 748 2244 generis
766 2110 960 2242 pulcbritudi·

39 2252 100 2291 nem
121 2257 158 2294 ac
176 2237 307 2293 salntem.

109 2310 217 2368 Audiri
235 2312 320 2368 etiam
344 2326 471 2371 meretur
495 2312 707 2371 Puss'endorlius
725 2318 807 2371 Jwts
832 2316 903 2371 Nat.
923 2334 961 2371 ae

43 2386 121 2443 Gent.
145 2388 210 2442 Lib.
230 2388 256 2443 6.
281 2390 353 2460 Cap.
378 2406 401 2443 1.
421 2390 447 2460 ς.
464 2388 488 2444 3.
506 2389 654 2445 scribens.-
673 2417 686 2443 ι
703 2391 779 2445 Cum
795 2388 903 2445 socialis
918 2389 961 2445 vi·

42 2470 75 2513 us
91 2460 315 2519 fundamentum
334 2462 370 2518 sit
389 2463 614 2532 matrimonium,
630 2476 766 2539 apparet,
777 2463 907 2520 homines
922 2463 960 2519 ad

41 2531 92 2591 hoc
111 2536 276 2593 ineundum
296 2536 416 2614 obligari
432 2558 490 2611 per
504 2542 619 2595 modam
641 2549 737 2594 umen
754 2542 900 2610 praecepti
914 2540 960 2611 as·

36 2613 198 2680 fisntativi,
213 2614 355 2685 indefiniti
374 2625 404 2669 et
426 2613 641 2669 iudeteminati
656 2653 664 2680 ,
683 2622 712 2667 et
727 2614 808 2687 quod
824 2631 883 2665 non
901 2616 961 2667 siu-

40 2687 122 2770 gups
142 2692 331 2755 necessario,
352 2699 381 2744 et
397 2692 498 2763 quovis
518 2698 651 2760 tempore
676 2688 793 2771 obliget.
815 2685 961 2759 Praecepta
1033 2696 1036 2701 “

43 2777 115 2816 anun
137 2761 306 2818 affirmativa
327 2762 362 2817 ad
382 2761 426 2817 sui
445 2762 644 2836 impletionem
663 2769 817 2834 requirunt
838 2760 961 2816 occasio·

43 2851 113 2896 nem.
134 2836 318 2894 Matrimonia
336 2848 432 2895 antem
451 2834 640 2894 contrahendi
659 2834 766 2890 occasio
787 2851 847 2887 non
865 2851 902 2887 ex
916 2854 960 2892 so·

43 2906 67 2963 la
87 2922 191 2978 aetate,
212 2922 261 2967 aut
283 2910 440 2986 generandi
465 2908 627 2989 aptitudine
651 2905 838 2984 intelligitur,
857 2905 907 2961 sed
925 2922 960 2966 nt

44 2984 123 3060 copia
144 3006 262 3061 quoque
282 2986 317 3042 sit
338 2985 462 3043 decentis
478 2985 672 3051 conditionis,
690 3004 744 3040 nec
764 3001 823 3037 uon
842 2981 960 3041 facultas

46 3058 137 3117 alendi
152 3080 288 3129 uxorem,
300 3074 329 3117 et
341 3060 465 3137 prolem,
477 3080 508 3117 ac
524 3059 665 3116 idoneitas
672 3058 709 3113 ad
719 3056 880 3134 gerendum
893 3079 960 3134 par·

45 3145 81 3191 tes
100 3136 191 3212 patris
210 3135 355 3193 familias».
372 3135 537 3211 Aliquando
550 3134 635 3191 etiam
649 3131 832 3221 praesentium
851 3145 961 3210 tempo-

46 3228 106 3265 rum
130 3222 159 3267 et
182 3211 372 3269 incumbentis
396 3210 549 3267 functionis
573 3208 699 3267 conditio
716 3207 752 3263 de
776 3208 959 3267 matrimonio

46 3286 165 3361 cogitare
184 3304 245 3340 non
265 3287 383 3362 patitur.
399 3285 474 3346 Vide
498 3304 519 3339 1.
543 3285 671 3339 Corinth.
689 3304 714 3360 7.
734 3286 768 3342 V.
791 3285 833 3339 26.
856 3285 959 3369 Praste·

46 3378 88 3419 rea
105 3360 218 3432 (subdit
234 3360 315 3418 Idem
327 3362 437 3420 Auctor
451 3362 503 3417 loc.
520 3362 568 3414 cit.
580 3360 605 3430 ς.
641 3365 683 3431 ,js
697 3385 710 3412 a
727 3357 795 3433 quia
816 3371 961 3414 matrimo-

46 3434 90 3493 nio
108 3454 181 3510 opus
201 3448 258 3503 est,
275 3449 338 3492 tum
357 3449 389 3493 ut
408 3456 462 3511 per
481 3433 609 3491 sobolem
622 3378 749 3491 liumana
765 3431 875 3516 species·
890 3452 959 3517 oon-

47 3523 191 3578 servetur,
211 3523 273 3567 tum
293 3532 329 3567 ne
349 3530 419 3586 vaga
439 3508 529 3564 libido
554 3508 640 3565 decus
663 3510 796 3563 humanae
820 3517 957 3564 soctetatts

46 3584 169 3659 polluat,
180 3599 315 3664 apparet,
329 3586 351 3644 si
365 3598 469 3645 neuter
481 3604 582 3644 sorum
594 3584 697 3641 linium
708 3579 872 3640 detrimenti
885 3580 958 3660 quid
