2384 4442
252 446 297 520 stt

194 549 246 622 tio
264 549 365 620 docet
382 541 584 640 huiusmodi
603 539 788 616 discordias
812 540 867 613 vel
886 542 1118 616 amicabiliter

194 680 257 752 per
282 665 441 722 mutuam
463 647 721 746 persuasionem
740 646 988 742 consopiendas
1015 675 1114 734 esse,

194 754 249 828 vel
267 753 437 852 patienter
456 749 642 837 serendas,
673 749 760 848 quin
779 747 822 819 ad
841 747 915 820 illas
945 751 1114 822 dirimen-

195 857 255 928 das
280 882 373 927 arma
392 881 514 926 suman
517 869 573 924 tur
602 879 684 924 cum
703 851 890 948 gravissimi
918 854 1035 924 mutui
1053 854 1114 926 da-

194 986 269 1031 mm
259 957 454 1057 periculo.

299 1065 333 1158 §,
366 1061 451 1152 243.
490 1057 626 1131 Dum
617 1074 684 1128 tter
711 1057 931 1154 aggredimur
969 1059 1113 1130 comites·

169 1175 174 1186 “
195 1163 406 1264 quaerimus,
426 1178 460 1234 et
479 1188 573 1232 arma
592 1175 786 1256 gestamus,
811 1161 964 1258 itemque
984 1161 1111 1232 dormi-

195 1285 272 1339 tum
291 1285 413 1338 euntes
432 1267 522 1336 sores
542 1263 735 1336 claudimus
755 1279 841 1350 etc,
861 1290 934 1334 non
946 1263 1027 1362 quia
1047 1291 1112 1334 cae-
1178 1361 1179 1364 Ἴ

194 1389 289 1442 teros
305 1368 463 1440 homines
489 1383 656 1464 tanquam
681 1365 854 1436 naturales
880 1365 994 1437 hostes
1014 1367 1110 1437 time-

195 1499 292 1556 mus,
311 1470 371 1540 sed
390 1497 436 1540 ne
455 1469 498 1539 ab
516 1468 718 1566 hostibus,si
736 1468 797 1569 qui
809 1485 904 1554 sunt,
909 1468 1109 1541 incautide·

195 1572 461 1672 prehendamur
480 1569 680 1667 Eademque
692 1547 735 1640 'de
757 1598 964 1664 causareges
984 1572 1022 1642 in
1035 1599 1111 1643 suo·

195 1701 277 1747 rum
295 1698 484 1770 regnorum
501 1671 649 1759 linibus,
669 1699 786 1761 arses,
805 1673 985 1772 presidia,
997 1675 1112 1772 explo-

196 1796 326 1850 ratores
346 1776 526 1849 collocant

302 1883 336 1977 3,
358 1883 441 1973 244,
460 1879 624 1978 Denique
645 1903 727 1950 cum
745 1877 939 1952 Hobbesius
962 1880 1117 1952 fateatur

198 1985 331 2080 aliquos
357 1983 517 2053 homines
534 1980 737 2053 naturaliter
755 1982 928 2054 modestos
945 1981 1009 2052 id
999 2009 1116 2079 rpsum

199 2085 273 2157 aliis
292 2082 490 2200 permittere
520 2083 660 2200 quod
640 2084 731 2171 sihi,
760 2084 859 2156 lateri
879 2085 982 2156 etiam
1010 2086 1110 2156 dehet

185 2185 347 2258 'saltem
337 2200 430 2256 mter
448 2185 530 2257 istos
548 2185 587 2256 in
606 2202 697 2258 statu
716 2139 866 2258 naturali
884 2185 1016 2258 bellum
1040 2213 1109 2264 non

197 2289 313 2360 fuisse.
333 2285 409 2359 Hoc
436 2304 553 2359 autem
578 2288 690 2388 posito
718 2288 892 2387 quomodo
916 2290 1119 2361 verificatur.

198 2407 305 2462 status
315 2390 399 2460 belli
410 2391 568 2462 omnium
578 2391 617 2460 in
629 2417 748 2462 omnes
770 2393 810 2478 l,
829 2393 1017 2490 praesertim
1030 2419 1116 2464 cum

197 2509 305 2564 status
325 2492 526 2589 hujusmodi
543 2519 612 2564 nec
629 2493 722 2566 inter
742 2521 860 2566 omnes
884 2495 1042 2566 homines
1054 2497 1114 2570 „fe-

197 2594 288 2668 rocis
306 2593 439 2692 ingenii
450 2595 633 2667 subsistere
646 2596 760 2694 possit.
780 2597 872 2670 Nam
882 2613 966 2670 teste
991 2598 1115 2694 Augu-

197 2699 291 2772 stino
308 2699 388 2772 Lib.
413 2726 468 2798 ¹9·
496 2700 541 2775 de
566 2699 668 2774 Gtoit.
688 2699 785 2772 Dei:
801 2732 818 2770 ιι
849 2701 998 2774 latrones
1025 2699 1117 2798 ipsi,

198 2819 240 2875 ut
257 2802 497 2876 vehementius
515 2829 555 2875 ae
574 2802 684 2873 tutius
696 2802 812 2875 infesti
832 2802 901 2874 sint
919 2803 996 2903 paci
1015 2820 1118 2876 caete-

199 2931 344 2992 rorum,
363 2930 486 3001 pacem
503 2904 627 2976 volunt
644 2905 771 2976 habere
802 2907 1005 2978 sociorum»
1021 2963 1029 2978 .
1049 2905 1120 2979 His·

194 3006 287 3077 'adde
316 3007 411 3103 quod
440 3023 550 3078 status
580 3007 740 3105 perpetui
773 3009 855 3080 belli
885 3010 1041 3082 omnium
1074 3011 1117 3082 in

200 3132 320 3178 omnes
337 3108 518 3180 manifeste
529 3125 661 3207 pugnat
673 3136 755 3182 cum
765 3127 860 3183 recta
878 3112 1031 3198 ratione,
1052 3139 1123 3186 cu·
1181 3193 1182 3208 p

198 3210 255 3307 jus
273 3209 381 3280 estin
408 3210 523 3282 officio
553 3213 733 3286 continere
762 3231 864 3314 atque
893 3241 1121 3312 compescere

200 3339 320 3383 omnes
333 3338 508 3428 perversos
520 3341 626 3385 an1m1
634 3332 749 3389 motus
756 3345 808 3405 ,ex
817 3342 967 3414 quorum
978 3317 1124 3392 dumta—

185 3432 255 3486 ‘rat
274 3413 425 3487 tumultu
447 3415 556 3486 oritur
574 3417 725 3506 bellum
753 3437 793 3490 ut
825 3419 1048 3492 Hobhesius
1038 3446 1121 3519 ipse

200 3516 833 3597 fatetur.Ltb1.deGioeare2.1
801 3528 833 3620 (ι
841 3525 852 3621 l
