2384 4442
310 414 380 489 118
1113 466 1116 469 -

253 518 424 591 niendum
440 514 673 589 communiter
686 512 786 613 proli.
805 512 910 591 Unde
922 528 959 587 et
976 540 1070 603 ares,
1087 542 1154 615 qua

253 618 486 695 communiter
507 618 621 715 pullos
644 619 829 706 nutriunt,
847 633 928 689 ante
959 618 1155 716 completam

249 723 480 795 nutritionem
505 746 580 793 non
606 737 809 819 separantur
834 748 855 792 a
880 721 1068 808 societate,
1085 750 1155 820 qua

250 825 374 923 incipit
404 851 424 896 a
451 824 652 897 concubitu.
683 822 766 896 Haec
787 841 905 895 autem
934 823 1097 919 obligatio
1118 826 1155 897 ad

251 928 545 1001 commanendum
563 926 741 999 foendnam
760 927 884 999 marito
902 927 1156 999 matrnnonimn
1184 961 1185 1008 3

249 1030 343 1103 facit.
371 1030 415 1103 Et
441 1030 520 1102 ideo
539 1045 653 1129 patet,
678 1030 775 1129 quod
792 1029 959 1101 accedere
978 1029 1023 1100 ad
1042 1030 1158 1102 mulie·

248 1158 324 1205 rem
350 1159 422 1204 non
441 1134 601 1230 junctam
622 1132 689 1211 sibi
711 1132 955 1219 matrimonio,
982 1160 1063 1231 quae
1082 1160 1156 1205 con-

249 1234 378 1307 cubina
406 1252 569 1323 vocatur,
600 1248 660 1308 est
694 1252 815 1307 contra
832 1236 946 1331 legem
981 1252 1156 1308 naturas.

246 1334 292 1409 Et
319 1339 365 1409 ita
388 1339 531 1437 quidem
552 1354 594 1413 ut
620 1338 721 1411 nullo
746 1355 903 1435 tempore
929 1337 1019 1409 illud
1038 1366 1154 1410 secun·

247 1438 332 1511 dum
361 1468 397 1513 se
424 1442 560 1513 licitum
585 1442 715 1529 fuerit,
741 1470 810 1514 nec
829 1440 995 1512 etiamen
1024 1441 1158 1540 dispen-

215 1542 399 1617 ‘sationet
427 1545 519 1615 sicut
548 1545 644 1617 enim
670 1572 714 1616 ex
743 1544 845 1616 dictis
864 1560 958 1641 patet
981 1544 1052 1640 (ait
1080 1546 1157 1616 cita·

243 1662 301 1719 tus
328 1645 462 1718 Doctor
484 1646 617 1743 ibidem
637 1652 743 1721 artic.
758 1647 791 1721 5.
815 1652 851 1717 in
874 1652 1018 1746 corpal:
1039 1680 1055 1713 a
1078 1675 1156 1720 eon·

244 1748 383 1821 cubitus
421 1776 502 1821 cum
532 1778 591 1837 ea,
629 1778 707 1850 quae
745 1776 820 1822 non
853 1766 905 1821 est
940 1747 1165 1822 matrimonio¹

241 1850 384 1946 juncta,
415 1880 489 1925 non
519 1870 571 1925 est
595 1854 808 1926 conveniens
834 1851 925 1924 actio
953 1850 997 1923 ad
1028 1852 1158 1931 bonum

241 1954 369 2049 prolis,
397 1956 492 2055 quod
524 1973 575 2028 est
603 1957 803 2055 principalis
830 1955 909 2025 finis
935 1955 1156 2029 matrimonii

241 2052 286 2126 Et
312 2057 390 2128 ideo
422 2075 473 2129 cst
501 2075 623 2131 contra
655 2060 766 2157 prima
794 2075 928 2129 naturae
954 2077 1158 2156 praecepta,

239 2182 317 2255 quae
336 2159 632 2255 dispensationem
648 2190 724 2234 non
742 2162 918 2258 recipiunt
943 2162 1019 2256 (ι).
1053 2162 1159 2237 Unde

238 2258 453 2359 ubicumque
472 2261 599 2357 legitur
622 2265 661 2334 in
681 2265 802 2338 Veteri
821 2264 1075 2351 Testament0‚
1104 2265 1160 2336 ali·

239 2388 327 2459 quos
357 2365 570 2441 concubinas
597 2367 758 2440 habuisse
786 2424 795 2455 ‚
834 2393 921 2464 quos
952 2383 1115 2463 oporteat
1142 2396 1161 2441 a

235 2482 380 2561 peccato
410 2468 545 2539 mortali
565 2497 729 2543 excusare
754 2526 764 2558 ,
794 2485 963 2567 oportet,
995 2496 1054 2541 eas
1088 2500 1160 2543 esse

234 2568 454 2642 matrimonio
472 2571 636 2667 junctas,
666 2590 701 2646 et
719 2590 835 2645 tamen
865 2572 1086 2644 concubinas
1112 2574 1159 2645 di·

235 2672 291 2759 ci,
310 2672 392 2771 quia
410 2674 541 2773 aliquid
560 2676 735 2749 habebant
751 2676 794 2749 de
812 2674 946 2745 ratione
966 2676 1094 2747 uxoris
1106 2734 1116 2764 ,
1128 2695 1158 2749 et

233 2773 365 2872 aliquid
384 2777 427 2849 de
447 2778 579 2865 ratione
601 2780 817 2853 concubine.
838 2776 1050 2851 Secundum
1062 2780 1157 2879 quod

234 2878 329 2949 enim
346 2880 608 2955 matrimonium
626 2884 808 2955 ordinatur
829 2878 874 2953 ad
892 2907 997 2951 suum
1025 2884 1159 2979 princi-

229 2980 344 3075 palem
362 2984 487 3073 finem‚
518 2985 580 3083 qui
599 3003 650 3059 est
667 2987 802 3057 bonum
824 2983 949 3082 prolis,
968 3012 1062 3057 uxor
1084 2987 1157 3057 viro
1184 3013 1185 3018 ¹

231 3081 459 3179 conjungitur
496 3088 728 3162 indissolubili
777 3086 1057 3185 conjunctione,
1103 3088 1157 3159 vel

229 3181 350 3254 saltem
378 3188 567 3279 diuturna,
586 3209 627 3263 ut
656 3221 699 3265 en
729 3192 831 3279 (fictis
860 3205 965 3287 patet.
993 3189 1041 3261 Et
1062 3192 1157 3262 circa
1184 3227 1185 3238 ¹

226 3286 295 3361 hoc
322 3310 467 3363 nonest
494 3293 610 3393 aliqua
637 3294 857 3394 dispensatio.
884 3291 956 3363 Sed
976 3311 1155 3391 quantum
1184 3319 1185 3346 ³

222 3389 270 3463 ‘ad
301 3394 497 3465 secundum
526 3398 634 3469 finem
646 3403 664 3486 ,’
686 3399 748 3499 qui
778 3415 829 3469 est
858 3395 1075 3491 dispensatio
1109 3399 1152 3467 sa·

225 3494 346 3585 miliae,
369 3515 402 3569 ct
415 3500 683 3575 communicatio
701 3528 868 3602 operum,
887 3526 977 3571 uxor
997 3498 1153 3597 conjun-
1183 3533 1186 3642 p
