2384 4442
78 586 106 623 er
122 564 179 623 hoc
198 564 285 641 magis
310 564 446 641 pacificus
470 574 557 623 status
580 564 731 625 hominum
755 494 967 640 conservaiiu,
1051 628 1056 637 ,

58 584 123 699 ium
138 641 335 717 unusquisque
355 662 386 696 re
406 661 455 705 sna
471 652 622 698 contentus
641 654 702 710 est,
718 642 796 698 unde
816 640 945 715 videmus
962 684 973 713 ,

59 714 134 792 quod
152 713 228 772 inter
243 736 307 783 eos,
333 714 385 790 qui
404 714 609 784 communiter,
629 726 657 772 et
671 738 706 773 ex
719 716 842 774 indiviso
858 717 970 794 aliquid

57 790 217 867 possident,
237 789 416 865 frequentius
429 790 523 867 jurgia
544 789 684 847 oriuntur.
700 791 788 848 Aliud
803 813 871 849 vero
888 791 973 868 quod

58 864 190 941 competit
210 864 323 922 homiui
348 864 423 923 circa
444 886 487 922 res
516 865 668 925 exteriores
688 880 730 922 est
748 886 815 923 usus
833 865 968 941 ipsarum.

59 940 92 997 Et
105 952 247 1015 quantum
262 940 299 995 ad
313 939 370 996 hoc
388 960 448 996 non
464 940 549 998 debet
564 940 652 997 homo
667 941 773 996 habere
789 961 833 996 res
849 943 973 999 exterio·

60 1034 115 1083 res,
137 1027 170 1071 ut
189 1014 323 1091 proprias
344 1013 394 1071 sed
409 1027 442 1071 ut
462 1034 648 1085 communes,
668 1029 701 1072 ut
721 1015 828 1073 scilicet
842 1015 878 1072 de
896 1016 973 1077 taciti

61 1109 101 1147 eas
120 1090 311 1147 communicet
336 1089 368 1145 in
390 1090 555 1147 necessitate
580 1090 710 1149 aliorum.
739 1090 825 1147 Unde
850 1089 972 1168 Aposto·
1079 1087 1090 1097 i

59 1162 98 1219 lus
122 1183 142 1217 1.
161 1166 204 1221 ud
217 1164 393 1221 Timotheum
415 1166 470 1221 nit:
488 1192 501 1220 u
518 1168 664 1232 Divitibus
678 1158 765 1241 hujus
783 1167 880 1221 roeculi
893 1184 972 1239 pm·

63 1243 123 1313 cipe
128 1240 228 1313 facile
245 1240 392 1310 tribuere,
406 1246 617 1300 communicare
632 1244 765 1300 debonis
780 1251 834 1297 etc.
859 1260 888 1294 ι.

157 1394 190 1487 3.
202 1416 290 1491 271.
310 1389 575 1467 Advertendum
594 1408 711 1466 tumen
724 1450 733 1482 ,
745 1392 903 1490 iniquam
922 1418 973 1465 es·

62 1520 94 1565 se
112 1494 378 1592 occupationem
395 1520 535 1584 rerum,
563 1523 641 1596 quae
667 1514 750 1569 sunt
769 1523 855 1567 usus
874 1518 972 1591 pror·

63 1623 113 1669 sus
131 1596 350 1685 inexhausti,
368 1612 408 1669 ut
427 1598 537 1687 aeris,
555 1598 667 1686 lucis,
686 1625 783 1699 uquae
794 1598 973 1696 profluen-

62 1699 100 1771 tis
128 1716 192 1771 etc.
217 1730 228 1774 ι
256 1700 296 1773 iis
328 1699 421 1773 enim
447 1702 698 1801 unusquisque·
715 1698 973 1801 quantumlibet

64 1800 111 1873 uti
126 1818 238 1901 potest
246 1800 344 1901 ,quin
356 1803 471 1874 caeteri
489 1804 531 1875 uh
544 1830 610 1877 usu
623 1803 860 1877 excludantur.
878 1800 972 1875 Hinc

65 1902 201 1977 Ovidius
210 1902 556 2004 Metamorplwseon
574 1906 688 1981 Lino.
700 1906 743 1977 V
737 1906 876 2001 er.439.
887 1904 955 1977 ait:

132 2038 209 2110 Quid
223 2039 387 2119 prohibetis
403 2058 502 2117 aquas,
513 2057 580 2097 usus
597 2037 756 2096 communis
771 2054 912 2122 aquarum
924 2046 972 2095 est

165 2115 225 2172 Nec
242 2114 336 2173 solum
350 2114 504 2195 proprium
519 2126 640 2180 natura,
654 2134 706 2169 nec
722 2132 788 2169 aera
803 2114 867 2168 l'ecst
877 2132 889 2197 ε.

165 2190 225 2248 Nec
255 2202 351 2247 tenues
373 2190 478 2249 undeet
499 2188 536 2247 sd
553 2186 672 2265 publicu
689 2207 808 2244 munera
825 2206 897 2245 veni

70 2314 161 2412 Quod
180 2320 208 2391 si
237 2344 294 2391 res
322 2319 435 2420 aliqua
461 2335 586 2393 nutura
605 2345 666 2391 sun
684 2318 728 2391 sit
745 2316 972 2403 inexhausta,

67 2418 118 2491 sed
136 2420 312 2495 adnexum
329 2423 453 2496 habeat
470 2422 610 2497 alterius
628 2421 680 2493 rei
698 2444 804 2493 usum
817 2417 977 2492 exhauri·

67 2520 162 2595 bilem
178 2580 187 2611 ,
205 2541 315 2623 prout
333 2541 384 2597 est
400 2524 533 2624 piscina
549 2579 559 2611 ,
578 2540 739 2619 stagnum
758 2542 847 2608 etc,
866 2519 977 2593 nemi·

71 2625 105 2695 ni
121 2626 269 2701 dubium
287 2628 374 2727 quin
393 2627 616 2725 occupationi
635 2626 678 2697 sit
697 2624 855 2696 obnoxia

162 2732 194 2825 §-
217 2756 305 2830 ²7²·
326 2728 592 2804 Advertendum
618 2728 787 2825 insuper,
817 2723 912 2822 qood
937 2720 978 2795 li·

69 2845 119 2899 cet
136 2830 175 2903 ad
195 2832 464 2931 occupationem
487 2832 497 2929 (
508 2830 656 2903 aliorum
678 2828 813 2901 secluso
832 2850 978 2901 consen-

70 2934 124 3032 su)
145 2960 216 3007 non
239 2935 387 3009 sufficiat
412 2933 557 3009 verbalis
584 2930 829 3031 apprehensio:
850 2927 980 3002 ridicu·

69 3032 137 3107 lum
153 3064 307 3137 namque
325 3039 415 3111 soret
429 3037 545 3138 ,quod
563 3034 687 3135 aliquis
703 3033 862 3108 evertice
879 3054 980 3105 mon·

71 3135 108 3207 tis
135 3159 264 3213 vastam
292 3139 472 3239 planitiem
501 3138 714 3239 prospiciens
742 3136 838 3207 illam
865 3150 982 3235 posset

72 3236 130 3309 sub
148 3268 209 3315 suo
223 3243 378 3318 dominio
398 3244 609 3319 constituere
628 3238 893 3340 pronunciando
904 3262 978 3308 ver·

70 3338 110 3411 ba
125 3346 269 3441 ‚quibus
287 3345 501 3421 voluntatem
519 3370 618 3419 suam
634 3343 843 3428 decimaret,
854 3338 980 3412 nihilo·

72 3442 181 3519 minus
215 3449 260 3521 ad
296 3476 415 3525 rerum
450 3446 680 3522 immobilium
714 3441 980 3541 occupationem

72 3544 166 3640 plane
187 3552 314 3625 sufficit
331 3552 405 3626 illas
425 3552 561 3639 colere,
582 3550 638 3623 vel
656 3549 816 3647 sepibus,
836 3543 979 3644 aliisque

74 3654 261 3748 repagulis,
280 3674 340 3729 aut
357 3655 524 3731 limitibus
544 3668 686 3740 exacte,
704 3650 759 3723 vel
777 3647 980 3722 etiamnum
