2384 4442
24 580 185 680 implicitds
212 576 261 651 ‘ad
295 604 415 651 omnes
450 578 659 677 praestandas
688 579 914 678 obligationes

24 682 174 781 conjugali
207 682 360 755 societati
391 681 576 771 adnexas,
612 683 827 783 proindeque
868 686 914 759 ad

25 806 102 861 actus
120 785 218 857 etiam
241 784 290 884 (si
306 785 472 857 alteruter
493 788 610 885 petat)
634 814 677 857 er
697 813 732 868 se
751 789 794 859 ad
812 790 918 886 prolis

26 890 258 986 generationem
275 889 429 962 idoneos.
442 888 536 961 Hinc
551 888 772 985 Augustinus
790 892 869 963 Lib.
885 920 917 964 2.

25 995 236 1067 deconsensu
249 994 284 1065 E
286 996 564 1089 vangelistarum
584 993 710 1093 Capr.
731 992 777 1065 ait
787 1007 798 1067 ε’
813 1027 828 1063 α
851 994 922 1069 Ne·

25 1124 77 1193 que
88 1096 176 1167 enim
188 1096 238 1167 fas
251 1112 337 1183 eret,
347 1112 387 1167 ut
399 1096 443 1167 ob
462 1096 529 1169 hoc
544 1121 627 1167 cum
638 1096 675 1193 (J
676 1096 795 1196 oseph)
809 1125 828 1168 a
840 1116 927 1170 con-¹

25 1199 102 1295 jugio
125 1198 248 1272 Mariae
276 1197 506 1297 separandum
535 1215 699 1298 putaret,
727 1200 822 1297 quod
848 1228 923 1273 non

25 1302 136 1398 exejus
156 1302 372 1390 concubitu,
392 1301 452 1375 sed
471 1302 567 1397 virgo
586 1302 721 1400 peperit
734 1300 922 1377 Christum.

24 1402 83 1476 Hor
103 1404 194 1496 euim
225 1404 383 1503 exemplo
411 1406 594 1501 magnifice
618 1405 817 1477 insinuatur
838 1405 924 1493 fide-

23 1505 95 1578 libus
118 1508 312 1605 conjugatis
342 1534 569 1606 permanere,
596 1508 781 1607 vocarique
802 1510 926 1607 conju·

24 1610 101 1703 gium
125 1638 197 1683 non
225 1610 407 1709 permixto.
426 1612 579 1711 corporis
602 1639 712 1700 sexu,
732 1610 793 1684 sed
812 1630 927 1686 custo·

25 1712 82 1784 dito
99 1715 223 1787 mentis
249 1716 389 1787 affectu.

107 1820 140 1914 S.
164 1818 253 1905 338,
276 1816 446 1915 Sequitur
468 1818 522 1905 3.,
546 1818 713 1913 conjuges
733 1846 804 1891 una
824 1818 928 1891 simul

24 1918 199 1993 cohabitare
224 1920 380 2007 debere,
402 1937 526 1992 mutuo
547 1938 581 1992 et
600 1922 735 1993 sincero
755 1948 870 1993 amore
890 1950 926 1994 se

22 2024 191 2121 prosequi,
221 2023 288 2095 sibi
307 2023 457 2097 invicem
477 2024 650 2121 compati,
671 2041 705 2096 et
724 2026 930 2113 subvenire,

24 2127 257 2226 communique
286 2153 370 2199 cura
395 2144 428 2198 et
451 2127 594 2199 consilio
624 2153 699 2198 rem
725 2127 930 2201 familiarem

22 2226 274 2317 administrare,
296 2230 343 2301 ita
369 2248 486 2301 tamen
513 2247 553 2301 ut
581 2230 711 2328 priores
738 2248 851 2328 partes
877 2232 930 2303 vir

23 2330 185 2421 obtineat,
206 2333 271 2433 qui
302 2333 345 2404 ob
373 2360 473 2406 sexus
493 2334 726 2431 praestantiam
753 2350 858 2433 caput
877 2345 930 2405 est

22 2434 185 2525 mulieris,
207 2438 359 2535 ejusque
383 2436 529 2533 proinde
558 2433 711 2509 aetiones
731 2436 931 2533 dirigendi,

20 2535 65 2629 jus
83 2538 184 2612 habet
209 2542 219 2638 (
253 2542 289 2639 ).

83 2756 119 2825 (τ)
141 2754 283 2831 Spectato
298 2755 361 2829 jure
378 2764 508 2820 naturae,
524 2751 621 2827 inquit
634 2749 762 2826 Ignatius
779 2750 935 2819 Schwarz,

22 2824 92 2883 etiam
118 2830 316 2888 abstrahendo
333 2852 349 2885 a
371 2842 444 2887 statu
469 2839 578 2883 naturae
599 2827 684 2902 lapsae
705 2825 780 2882 inter
799 2828 935 2902 conjuges

22 2918 71 2955 non
95 2917 136 2960 est
158 2908 290 2982 perfecta
309 2905 469 2981 aequalitas,
490 2902 540 2959 sed
554 2902 583 2961 vi
600 2912 687 2958 status
707 2900 864 2977 conjugalis
882 2922 938 2977 per

21 2996 43 3030 se
60 2976 210 3053 loquendo
240 2982 350 3053 (uxori
377 2979 454 3037 enim
477 2999 530 3055 per
555 2978 685 3035 accidens
705 2977 888 3052 superioritas
907 2990 938 3035 et

20 3050 164 3126 impetium
181 3053 325 3115 vindicari
340 3065 453 3133 potest,
469 3068 502 3111 ut
518 3052 540 3109 si
553 3054 671 3109 maritus
687 3052 722 3108 sit
742 3053 830 3110 hebes
840 3074 937 3123 ‚uxor

20 3125 156 3199 Heroina;
178 3132 232 3189 ille
249 3131 402 3199 subditus,
428 3130 489 3187 haec
513 3128 664 3205 Princeps)
684 3128 779 3203 aliqua
799 3130 939 3207 competit

19 3217 159 3277 potestas,
181 3221 212 3265 et
234 3206 417 3284 superioritas
434 3204 532 3262 saltem
552 3204 695 3261 directiva.
717 3205 878 3272 Directiva‚
895 3207 938 3261 in·

21 3296 115 3350 quam,
136 3283 167 3340 vi
189 3284 274 3356 cujus
294 3282 397 3339 mulier
414 3281 473 3338 viro
496 3278 681 3354 subordinate
700 3279 736 3335 sit
755 3301 814 3336 non
829 3280 860 3337 vi
875 3301 939 3339 coa-

18 3353 83 3411 ctiva
102 3400 110 3425 ‚
130 3372 162 3415 et
182 3358 335 3415 voluntate
361 3368 566 3432 repugnante,
593 3356 642 3411 sed
668 3355 815 3412 honestate
839 3356 940 3430 impel-

19 3426 101 3497 lente3
123 3454 192 3507 quae
216 3433 413 3489 subordinatio
433 3444 499 3518 post
518 3444 669 3507 peccatum
687 3432 756 3487 abiit
775 3431 805 3485 iu
825 3451 940 3506 poenam

18 3502 80 3561 dum
97 3510 187 3565 etiam
208 3508 350 3566 reluctans
366 3552 373 3577 ,
389 3520 417 3564 et
432 3505 522 3563 invita
536 3527 638 3593 parere
661 3507 782 3583 cogitur.
799 3505 882 3561 Ratio
899 3528 941 3562 as-

19 3581 143 3639 sertionis
161 3596 215 3639 est:
237 3604 257 3637 1.
271 3625 279 3651 ‚
295 3584 362 3659 quia
378 3596 480 3639 natura
497 3580 671 3640 ranonabitis
687 3582 803 3642 videtur
818 3580 942 3658 exigere,

118 3660 397 3721 Picc.Ett.Vot.1t
712 3661 732 3733 5
