2384 4442
284 431 331 505 33

333 526 586 631 §ayo-Hinc
608 526 746 601 Tullius
773 525 852 601 Lib.
874 528 907 600 3.
926 527 971 598 de
989 522 1131 599 Finibus
1169 497 1172 640 i

226 636 325 736 Gap.
340 661 397 709 20.
415 632 479 707 ait:
493 665 507 702 r
523 628 828 727 Quemadmodum
854 631 1029 701 theatrum
1052 654 1130 699 com·
1170 643 1171 662 ²

222 764 338 815 muno
358 762 440 809 oum
459 735 528 822 sit,
557 750 652 807 recte
681 748 799 805 tamen
817 731 889 812 dici
906 746 1019 829 potest
1041 786 1050 816 ‚
1069 730 1132 824 ejus

224 866 303 915 cose
323 866 404 913 eum
429 838 569 925 locum,
599 862 706 935 quem
723 826 871 934 unisque
896 837 906 931 (
926 833 1020 905 haud
1038 833 1131 929 petito

222 943 376 1017 ¹aliorum
393 940 580 1038 consensu)
594 953 782 1036 oocuparet
794 939 861 1025 ‚ita
878 937 917 1009 in
926 938 1025 1011 Urbe
1042 960 1131 1006 mun·

224 1044 316 1117 dove
335 1042 515 1117 communi
533 1068 607 1113 non
625 1040 824 1113 adversatur
842 1040 898 1137 jus
910 1095 918 1125 ,
927 1038 1026 1137 quod
1041 1063 1131 1109 suum

222 1148 401 1249 mrjueque
432 1146 475 1217 sit
497 1177 537 1217 o.
565 1143 610 1217 Et
637 1141 841 1217 Ambrosius
869 1142 948 1218 Lib.
966 1142 1012 1213 de
1040 1139 1131 1239 Offio.

230 1250 321 1351 Cup.
344 1251 402 1323 28.
423 1280 440 1316 u
461 1246 597 1320 Natura
616 1246 733 1317 omnia
753 1245 971 1336 omnibusjn
991 1269 1133 1316 commu·

230 1350 459 1451 ne-profudit.
480 1349 541 1422 Sio
560 1349 657 1421 enim
674 1347 773 1421 Deua
801 1348 957 1445 generari
982 1346 1080 1443 jussit
1103 1372 1132 1415 0·

229 1456 350 1542 mnia,
369 1471 410 1525 ut
426 1467 543 1550 pastus
571 1451 732 1525 omnibus
760 1450 954 1525 communis
977 1464 1088 1535 esset,
1104 1464 1132 1517 et

229 1571 321 1637 terra
339 1557 428 1627 soret
447 1553 605 1625 omnium
622 1552 781 1651 quadam
799 1553 995 1625 communis
1016 1576 1132 1650 possea

126 1734 128 1739 s
229 1657 305 1730 aio.
333 1657 466 1731 Natura
491 1655 597 1751 igitur
633 1656 689 1752 jus
720 1680 906 1729 commune
937 1654 1131 1751 generarit,

228 1760 406 1859 usurpatio
440 1760 597 1859 (nempe
627 1758 842 1857 occupatio)
876 1758 934 1855 jus
962 1757 1047 1829 iecit
1073 1755 1132 1853 pri-

229 1879 385 1936 vatum»
411 1862 484 1961 (ι).

306 2062 343 2129 (1)
367 2054 493 2111 Thomas
516 2053 617 2112 Morus
640 2056 721 2129 apud
746 2056 943 2130 Utopienses‚
962 2066 993 2113 et
1017 2053 1131 2110 Thomu

229 2128 255 2187 C
321 2129 417 2186 anella
432 2134 466 2184 in
486 2130 611 2187 civitate
630 2131 727 2199 Solis,
746 2130 979 2187 communionem
997 2130 1131 2185 bonorum

226 2205 304 2269 iutro
323 2208 410 2263 'ucere
423 2214 587 2269 tentarunt,
603 2203 671 2277 quia
686 2204 822 2261 nimirum
835 2204 944 2261 facilius
958 2204 1077 2280 perfecti
1087 2202 1131 2257 ho·

204 2336 205 2342 ,
222 2277 316 2343 mutos
330 2279 492 2355 finguntur,
501 2297 588 2353 quam
600 2277 752 2337 habentur.
762 2278 1035 2337 MeliusLactantiua
1044 2275 1130 2335 lut.

225 2355 321 2411 Dicin
340 2357 435 2409 [notit.
458 2355 531 2427 Cap.
549 2350 574 2411 5.
594 2352 656 2411 hnc
674 2353 770 2413 habet.
783 2381 797 2409 ι
819 2355 897 2413 Cum
915 2354 993 2410 Deus
1014 2372 1131 2411 commu·

226 2448 295 2488 nem
313 2428 445 2486 omnibus
464 2440 569 2485 terram
588 2427 732 2498 dedisset,
751 2443 785 2487 ut
803 2448 985 2487 communem
1005 2429 1131 2505 degerent

225 2502 332 2574 vium,
345 2522 403 2562 non
419 2516 452 2561 nt
464 2502 563 2559 rabida
575 2515 605 2561 ct
614 2503 712 2561 surena
726 2504 843 2562 avaritia
862 2504 957 2563 omnia
975 2504 1031 2561 sihi
1049 2502 1131 2562 viudi-

225 2591 316 2648 ουτοι,
331 2598 385 2637 neo
399 2578 451 2635 ulti
466 2578 574 2637 deesse-t
586 2578 667 2655 quod
677 2581 810 2639 omnibus
820 2592 984 2639 nasceretur
997 2623 1020 2635 ..
1035 2603 1048 2631 a
1062 2623 1068 2635 .
1082 2577 1131 2634 Sed

225 2671 287 2733 pru
300 2653 432 2712 omuibus
442 2652 601 2711 audiendus
611 2667 654 2711 est
663 2653 754 2712 Divus
762 2657 888 2714 Thomna
897 2675 922 2716 α.
935 2674 959 2711 2.
971 2659 1081 2730 φωνεῖ.
1091 2654 1129 2710 66.

151 2732 153 2739 ’
225 2728 319 2787 Μία
331 2748 354 2787 2.
377 2727 488 2786 dicens:
506 2754 520 2783 a
536 2728 703 2798 dicendum,
716 2730 879 2806 quodcirca
894 2750 956 2788 rem
966 2729 1130 2787 exteriorem

222 2802 288 2872 dno
295 2816 464 2880 competunt
473 2802 595 2874 homiui,
606 2824 732 2880 quorum
745 2824 837 2863 unum
847 2818 1023 2882 estpotestas
1033 2824 1131 2881 procu·

225 2880 331 2948 randi,
349 2893 379 2937 ct
405 2879 603 2956 dispensandi,
625 2890 655 2937 et
675 2894 816 2954 quantum
829 2882 866 2939 ad
876 2882 935 2939 hoc
950 2880 1062 2939 licitum
1080 2892 1130 2946 est,

226 2954 308 3030 quud
326 2953 413 3010 homo
432 2954 550 3031 propria
564 2952 713 3031 possideat
729 2958 780 3013 Est
805 2959 881 3013 enim
899 2956 1086 3013 necessarium
1101 2955 1132 3010 ad

223 3024 380 3088 humanam
395 3028 481 3085 vitam
494 3030 687 3106 proptertria.
707 3030 805 3087 Primo
841 3032 938 3090 uidem
951 3075 959 3101 ,
970 3031 1039 3107 quia
1052 3031 1131 3107 anagia

222 3100 350 3188 tndicituo
364 3105 612 3180 estunusquisque
627 3105 664 3162 ad
670 3051 892 3182 procurandum
906 3106 1043 3182 aliquod,
1059 3104 1132 3183 quod

223 3176 277 3233 mbr
295 3176 349 3235 ,uolt
368 3180 522 3255 competit,
538 3200 625 3255 quam
640 3180 672 3237 id
685 3182 767 3257 quod
781 3193 823 3241 cst
836 3202 988 3241 commune
1008 3182 1133 3242 omnium

223 3250 272 3309 vel
290 3250 472 3321 multorum,
495 3256 563 3331 quia
586 3256 784 3333 unusquisque
808 3255 937 3317 laborem
955 3258 1067 3335 fugiens
1095 3275 1132 3313 re·

220 3310 329 3402 linquit
348 3326 430 3383 alteri
450 3328 496 3398 id,
516 3328 597 3405 quod
615 3333 742 3418 pertinet
759 3332 796 3389 ad
814 3352 983 3401 commune,
1003 3334 1080 3391 sicut
1095 3352 1134 3388 ac·

221 3402 338 3461 ciditin
351 3402 536 3461 multitudine
554 3404 756 3465 minuta-orum.
772 3407 837 3465 Alio
858 3409 945 3467 modo
968 3409 1038 3494 quia
1062 3406 1133 3467 ordi-

220 3478 315 3541 natius
330 3499 375 3555 rut
393 3477 526 3535 humanae
547 3492 719 3552 tractantur,
741 3483 764 3539 si
779 3483 894 3559 singulis
909 3486 1056 3541 immineat
1071 3502 1133 3559 pro-

221 3553 285 3627 pria
302 3552 376 3640 caria
389 3553 507 3642 alicujus
523 3554 564 3612 rei
577 3556 780 3633 procurandae:
797 3572 868 3615 esset
888 3574 982 3617 autem
1002 3558 1129 3617 confusio

221 3626 244 3683 ti
260 3628 564 3705 qualibet-indimota
583 3632 720 3707 quelibet
741 3648 918 3711 procuraret.
943 3634 1043 3693 Tertio
1067 3632 1132 3709 quia
1170 3691 1171 3694 ,
