2384 4442
292 476 343 551 69.-

237 624 308 662 voce
328 611 393 681 ipse
416 603 463 662 vel
478 608 563 678 ipsas
582 599 707 660 naturali
726 611 821 658 tamen
840 600 973 677 aequitate
994 618 1163 676 congruum

237 679 353 738 videtur
368 679 450 758 quod
472 699 561 755 penes
580 695 735 738 novercam
751 689 823 736 esset
846 697 863 733 o
887 676 936 732 tio.
954 674 985 732 Si
1006 676 1087 734 enim
1102 676 1159 734 hec

235 753 355 812 heredis
372 777 430 813 esse
447 754 585 820 debebat,
606 773 679 830 opus
695 771 755 808 non
776 765 836 810 erat
886 751 956 810 dere
975 750 1159 816 clausulam,

236 849 300 903 quae
320 831 405 889 volet.
423 829 529 901 Quoad
544 829 702 887 secundum
715 847 770 905 pro
786 827 899 884 haerede
919 827 1027 904 scripto
1049 825 1083 882 id
1099 847 1161 884 cum

234 905 335 980 primis
405 904 802 981 umeutumralerepotest,
817 902 897 978 quod
913 902 967 958 alia
997 903 1062 975 ejus
1088 902 1163 960 insti·

236 981 310 1038 tutio
337 1002 377 1037 nu
402 1000 452 1037 um
473 994 544 1038 esset
567 979 706 1037 habitura:
721 977 863 1036 effectum.
892 980 963 1049 Quae
985 976 1076 1034 etiam
1090 977 1161 1034 inter

235 1057 395 1134 praecipuas
411 1076 507 1114 causas
522 1055 728 1123 suit‚our¹Lex
739 1052 882 1122 Falcidia,
899 1067 926 1110 et
943 1053 1070 1109 Senatus
1086 1054 1161 1108 Con-

236 1132 343 1187 sultum
359 1132 546 1208 Pegasianum
560 1129 668 1187 haeredi
680 1129 817 1206 legatario
832 1141 861 1186 et
876 1128 949 1186 fidei·
965 1127 1161 1186 commissario

235 1205 408 1264 hemdtutis
424 1206 589 1283 portionem
604 1204 792 1282 assignaverit.

312 1283 398 1339 Locri
416 1282 449 1336 in
466 1295 627 1338 extremam·
642 1278 782 1336 Calabriae
798 1299 876 1336 oram
892 1300 929 1337 ex
944 1279 1061 1337 Graecia
1078 1279 1162 1336 delati

237 1354 383 1431 regionem
405 1357 483 1413 illam
503 1357 681 1415 invenerunt
698 1376 718 1410 a⁴
730 1355 832 1412 Siculis
850 1375 1024 1430 possessam,
1043 1356 1098 1430 qui
1115 1357 1161 1412 im·

235 1431 352 1518 proviso
367 1434 526 1489 Locrorum
542 1433 669 1490 adventu
688 1430 834 1562 perterriti
855 1449 902 1488 eos
924 1444 1122 1505 receperunt,
1138 1445 1162 1488 et

234 1525 265 1559 in
280 1505 340 1562 haec
361 1507 449 1564 verba
468 1507 560 1564 foedus
583 1527 657 1564 cum.
671 1506 726 1562 ilis
751 1505 893 1562 inierunt:
910 1506 1072 1562 amicitiam
1096 1527 1160 1564 cum

236 1579 336 1636 Siculis
360 1581 467 1638 Locros
493 1595 673 1639 servaturos:
694 1593 723 1638 et
744 1580 894 1658 regionem¹
908 1581 984 1636 hanc
1006 1602 1064 1658 pro
1086 1603 1160 1638 com-

234 1655 316 1710 muni
341 1655 480 1713 ambobus
505 1656 622 1732 populis
650 1654 799 1713 habituros
821 1656 957 1730 quamdiu
986 1669 1072 1712 terrae
1093 1657 1159 1714 hnic

233 1729 357 1806 pedibus
377 1730 563 1801 insisterent,
590 1744 620 1788 et
644 1731 776 1809 imposita
799 1730 925 1787 humeris
948 1732 1044 1806 capita
1072 1747 1161 1808 gesta-

234 1817 307 1862 rent
329 1807 406 1864 Cum
429 1807 469 1864 ita
493 1807 694 1866 convenissent
719 1806 804 1864 Locri
827 1806 861 1862 ad
887 1806 1090 1882 praestandum
1117 1811 1157 1882 ju-

237 1895 400 1939 rameutum
429 1903 569 1941 accessere
600 1893 676 1938 terra
707 1881 963 1938 calceamentorum
990 1879 1061 1938 solas
1093 1883 1159 1957 inje-

235 1967 281 2011 cta
295 1999 309 2024 ,.
329 1971 358 2014 et
379 1959 502 2015 aliorum
525 1957 691 2034 capitibus,
713 1958 752 2013 ita
779 1956 904 2014 humeris
925 1957 1107 2031 suppositis,
1132 1973 1159 2014 ut

233 2049 294 2086 non
314 2045 493 2109 apparerent„
523 2032 760 2090 Deindeteiram
784 2053 799 2090 e
823 2031 922 2090 calceis
951 2049 1157 2100 excusserunt,

233 2117 261 2158 et
285 2105 406 2163 aliorum
425 2107 519 2182 capita
539 2109 725 2184 abjecerunt,
741 2128 867 2182 moxque
887 2107 938 2162 ubi
948 2107 1081 2182 primum
1093 2109 1157 2166 data

234 2189 274 2233 est
303 2181 410 2239 occasio
432 2183 541 2240 Siculos
563 2205 578 2240 e
599 2183 714 2259 regione
741 2183 914 2258 expulerunt
935 2189 943 2254 (
966 2183 1047 2258 apud
1073 2185 1157 2241 Thu-

233 2253 361 2311 cididem
373 2259 443 2332 Leg.
458 2258 484 2314 5.
501 2261 572 2332 Gap.
595 2257 640 2330 45.
654 2263 670 2328 ).
689 2257 785 2314 Simile
805 2268 846 2314 est
867 2257 945 2333 quod
967 2259 1057 2314 refert
1074 2261 1158 2316 Olca-

233 2328 292 2385 rius
307 2334 373 2386 ltin.
390 2337 473 2388 Pers.
493 2336 593 2405 Lidlp.
611 2336 684 2408 Cap.
702 2333 749 2402 50,
766 2353 869 2410 nempe
887 2353 953 2390 cum
969 2333 1095 2408 quidam
1113 2337 1157 2390 In·

234 2403 287 2460 diae
303 2405 431 2493 Regulus
445 2410 481 2463 ad
495 2411 603 2486 Regem
619 2409 774 2464 Persarum
786 2407 977 2484 confugisset,
992 2423 1021 2465 et
1033 2409 1101 2465 Rex
1113 2413 1156 2465 In·

233 2479 337 2535 dorum
351 2496 436 2539 istum
451 2485 521 2555 sibi,
531 2486 614 2540 misso
630 2485 748 2558 Legato,
760 2483 832 2540 tradi
846 2497 986 2561 posceret,
1001 2485 1153 2541 Persarum

231 2554 352 2631 laegatus
374 2558 541 2618 admittitur.
564 2559 733 2634 Supplicem
758 2561 836 2616 corbi
860 2559 1026 2635 impositum
1053 2581 1092 2616 ex
1114 2582 1155 2616 ar-

231 2628 308 2686 bore·
319 2635 458 2711 tantisper
471 2632 642 2711 suspendit,
662 2647 690 2690 et
704 2646 920 2712 posteanegat,
940 2633 1106 2711 supplicem
1127 2638 1153 2690 in

232 2724 282 2761 sua
302 2720 377 2765 terra
396 2731 464 2768 esse:

308 2784 444 2854 Quamvis
464 2784 599 2916 vend‘p'tor
623 2784 746 2860 emptori
764 2785 926 2860 promiserit
949 2785 1032 2860 quod
1059 2787 1156 2864 ipsum

229 2854 260 2911 in
278 2877 311 2914 re
330 2874 427 2938 empta
446 2861 516 2918 velit
555 2859 687 2918 efendere
711 2873 811 2918 contra
833 2879 1072 2946 quemcumque,
1095 2883 1154 2920 non
1183 2923 1184 2928 ,

230 2941 329 2987 tamen·
346 2941 354 3006 s
365 2957 401 2992 ex
424 2937 551 3012 subjecta
570 2935 709 3005 materia)
730 2935 900 3013 intelligitur
919 2935 1084 3011 promisisse
1110 2939 1155 2996 de·
1183 2935 1184 3018 J

229 3005 385 3066 sensionem
401 3030 417 3065 a
432 3011 567 3069 violentia
583 3010 797 3086 extrajudiciali,
1183 3071 1184 3084 2

270 3157 273 3162 ³
305 3082 373 3139 Vox
388 3086 804 3162 armomm·,<quae1aliquando
828 3088 1018 3146 instrumenta
1032 3087 1153 3157 bellica,

230 3155 391 3240 aliquando·
408 3176 531 3220 armatos
557 3162 666 3220 milites.
679 3174 760 3218 notat
775 3205 790 3231 ,.
801 3183 855 3238 pro
876 3163 1018 3220 substrata
1034 3165 1154 3222 materia
1183 3215 1184 3238 ,

229 3250 260 3286 m
285 3232 374 3290 hunc·
398 3249 453 3292 aut*
478 3237 571 3293 aliumv
586 3257 706 3294 sensum·
726 3249 767 3294 est
787 3237 971 3314 accipienda:
999 3259 1042 3294 ex.
1061 3262 1109 3316 gr.
1134 3239 1154 3295 si
1183 3243 1184 3296 l

167 3374 171 3384 Ι
229 3322 409 3366 conventum·
430 3310 483 3379 sit,
502 3332 538 3367 ne
559 3313 622 3387 quis
653 3313 737 3369 tertio
762 3312 847 3370 alicui
871 3333 948 3370 arma
969 3314 1078 3372 inferat
1096 3335 1152 3371 ma·
1183 3304 1184 3398 J

228 3383 362 3440 nisestum
376 3399 418 3442 est
432 3386 552 3462 intelligi
571 3387 684 3456 milites,
701 3401 730 3444 et
745 3390 910 3446 exercitum:
933 3389 985 3446 Sin
1006 3403 1106 3446 autem
1125 3392 1153 3445 in

229 3459 347 3544 alicujus
365 3460 498 3537 presidii-
509 3460 663 3520 deditione
675 3463 865 3522 conveniatur
884 3463 920 3521 de
938 3463 1090 3522 tradendis
1113 3487 1154 3521 ar·

230 3553 301 3602 mis,
318 3550 369 3593 aut
382 3537 482 3594 iisdem
498 3535 529 3591 in
542 3535 608 3596 loco
630 3538 854 3612 relinquendis,
873 3539 1040 3597 discedendi
1068 3541 1154 3598 facul·

155 3656 159 3668 .
228 3621 270 3664 tas
296 3611 432 3669 militibus
458 3611 628 3670 conceditur
651 3613 844 3670 instrumentis
871 3614 978 3672 bellicis
1000 3615 1116 3672 relictis.

303 3687 370 3740 Leia
382 3686 494 3747 alieubi.
508 3700 582 3746 erat.-
602 3715 614 3742 «
632 3689 682 3762 qni
697 3702 819 3770 propter
834 3703 1039 3774 tempestatem
1049 3711 1159 3752 narem
1183 3715 1184 3718 ¹
