2384 4442
58 524 205 604 justitiae,
227 536 277 584 aut
302 524 374 582 boni
397 526 556 586 communis
579 527 745 595 ducentum
775 525 893 606 plurimi
909 453 984 585 iero

60 600 218 678 explendas
242 600 376 658 vindicte
404 601 552 660 desiderio.
576 604 662 662 Pater
679 617 792 670 tamen,
817 605 862 662 vel
892 602 985 678 quiris

61 678 199 754 superior
212 674 288 733 licite
304 689 399 752 potest
415 677 591 754 quandoque
607 681 686 753 justae
702 677 885 737 correctionis
901 697 985 736 causa

61 773 129 828 erga
145 752 240 820 filios,
264 752 310 809 vel
326 750 455 808 subditos
476 753 560 808 etiam
581 752 692 811 reniam
716 766 845 830 petentes
860 755 985 811 benevo-

59 827 160 886 lentiae
170 827 249 905 signa
260 826 393 898 differre,
408 826 566 886 dummodo
579 827 657 886 intus
668 827 835 886 charitatem
845 839 944 886 servet.

323 987 812 1122 carunto.

174 1253 235 1328 De
252 1250 496 1328 Narurattbus
514 1278 604 1349 erga
622 1257 713 1326 alios
735 1251 873 1356 Officiis

237 1418 248 1427 .
328 1357 509 1458 Perfectis
526 1351 720 1433 Absolutis.

166 1561 202 1658 3.
226 1558 320 1636 clio.
351 1558 392 1634 Si
419 1561 523 1634 homo
552 1577 717 1650 tenetur,
753 1577 793 1636 ut
829 1557 978 1636 vidimus

59 1664 124 1761 (3.
149 1661 259 1765 252.)
282 1662 355 1736 aliis
381 1664 580 1737 hominibus
608 1664 753 1738 reddere
774 1665 886 1738 officia
916 1666 980 1736 im-

53 1767 241 1864 perfecti,
267 1794 288 1838 a
314 1763 448 1838 fortiori
476 1767 621 1840 reddere
651 1767 773 1838 iisdem
801 1767 980 1838 tenebitur

54 1868 176 1941 officia
204 1869 381 1968 perlecta,
414 1895 491 1970 quae
516 1869 706 1968 perfectam
735 1867 978 1970 obligationem

54 1971 175 2044 alieno
201 1971 273 2070 juri
295 1972 451 2070 perfecto
477 1971 747 2069 respondentem
775 1971 979 2070 importent.

58 2075 166 2148 Sicut
193 2074 411 2162 autemilla,
436 2075 484 2146 ita
502 2075 606 2148 etiam
633 2075 697 2148 ista
720 2073 867 2172 duplicis
894 2090 977 2148 sunt

57 2177 220 2272 generis:
245 2177 312 2248 alia
329 2177 424 2248 enim
450 2201 493 2252 ex
511 2177 679 2271 naturaii'
690 2177 897 2273 obligatione
917 2177 977 2248 de-

58 2281 214 2366 bent‘ur,
241 2279 307 2352 alia
325 2307 406 2354 vero
425 2279 539 2354 solum
550 2307 603 2360 ⁴ex
621 2281 802 2380 hypothesi
829 2279 976 2376 alicujus

57 2381 143 2454 facti
161 2383 294 2472 nostri,
317 2383 373 2456 vel
390 2382 503 2457 alieni
523 2381 666 2472 Priora,
690 2384 732 2458 de
753 2381 879 2482 quibus
909 2381 976 2452 hoc

54 2486 93 2558 in
115 2486 227 2584 capite
246 2485 446 2584 agendum,
472 2486 627 2559 absoluta
646 2487 838 2572 dicuntur,
865 2501 978 2580 poste·

54 2589 151 2661 riora
169 2616 251 2661 vero
263 2644 273 2677 ,
285 2589 329 2662 de
348 2589 475 2689 quibus
493 2588 658 2686 deinceps
673 2586 924 2685 ,hypothetica
1023 2585 1031 2590 ”

165 2693 197 2788 3
219 2689 302 2764 261.
320 2692 399 2766 Jam
417 2719 499 2765 vero
526 2717 685 2790 quaenam
709 2690 778 2762 sint
807 2686 976 2758 naturalia

58 2791 175 2866 officia
192 2794 345 2891 perfecta
372 2811 407 2869 et
433 2793 589 2868 absoluta
608 2819 687 2887 erga
708 2791 791 2864 alios
811 2788 975 2862 exhiben-

54 2895 101 2988 da
117 2953 128 2984 ,
147 2897 248 2969 facile
266 2897 421 2996 patebit,
441 2897 469 2970 si
487 2895 658 2971 naturalia
677 2894 848 2994 cujusque
866 2893 976 2968 homi·

53 2999 112 3072 nis
138 2999 218 3097 jura
244 3003 422 3097 perlecta,
459 3016 493 3072 et
522 2997 677 3073 absoluta
713 3013 974 3094 enumerentur.

59 3100 143 3174 Haec
162 3129 289 3200 porro,
307 3119 348 3175 ut
367 3130 409 3176 ex
428 3102 528 3175 dictis
547 3118 708 3201 apparet,
733 3101 794 3176 ubi
813 3101 856 3175 de
876 3118 977 3174 natu·
1090 3106 1094 3118 “

54 3204 122 3276 rali
139 3205 290 3277 hominis
309 3221 426 3292 statu,
453 3222 487 3277 et
506 3205 550 3276 de
570 3205 693 3277 officiis
720 3205 871 3278 hominis
896 3231 976 3300 erga
1027 3287 1031 3296 ,

53 3308 209 3405 seipsum
222 3363 230 3394 ,
243 3323 342 3382 suntz
357 3334 386 3379 1.
404 3307 460 3404 jus
479 3335 515 3379 se
534 3335 664 3407 suaque
680 3307 832 3381 honestis
852 3305 974 3378 mediis

54 3409 308 3502 conservandi3
339 3437 384 3496 2,
401 3409 458 3507 jus
476 3438 512 3482 se
531 3438 662 3511 suaque
679 3411 832 3484 honestis
850 3405 973 3480 mediis

48 3512 282 3611 ‘perficiendi3
305 3513 336 3584 3.
362 3512 419 3609 jus
436 3512 627 3601 libertatis,
655 3541 716 3586 seu
735 3508 975 3609 independen-

54 3617 109 3688 tie
128 3617 177 3690 ab
193 3614 267 3688 aliis
285 3614 484 3690 hominibus
504 3633 647 3718 excepta
670 3609 820 3694 naturali
844 3612 972 3718 depen-
