2384 4442
838 469 907 546 161

40 572 134 648 uella
159 572 310 667 ragione.
335 570 392 646 Mi
411 571 536 669 spiogo.
564 572 648 645 Non
667 573 697 643 si
714 572 758 645 da
775 577 961 674 veritspiu

40 694 137 749 certa
175 676 213 748 di
242 690 363 773 questa
390 700 399 745 ε
426 676 482 747 Lo
519 680 786 747 testimonianza
817 680 854 749 di
883 681 960 753 Dio

39 786 72 853 si
103 776 170 850 dee
194 770 385 878 prefieiire·
406 802 430 847 a
459 782 578 877 quella
605 778 702 873 degli
730 785 885 854 nomini:
919 809 957 854 se

39 882 70 953 si
101 880 301 953 eonohiude
321 880 364 950 da
384 896 529 977 questo:
555 906 628 953 non
661 877 729 951 v’e
753 905 839 953 cosa
868 883 960 954 dun-

39 1010 112 1085 que
138 984 209 1083 ριῖι
235 986 464 1077 ragionevole
505 980 572 1055 che
603 982 754 1055 credere
787 988 959 1081 piuttosm

39 1087 100 1159 cie>
128 1084 197 1159 ohe
223 1084 303 1157 dice
330 1086 431 1171 Dio,
462 1083 530 1157 ohe
565 1087 624 1157 οἱὸ
654 1084 723 1157 ohe
749 1090 962 1180 suggerisoe

40 1184 184 1261 ummo
207 1192 396 1279 naturale3
424 1192 592 1261 conviene
612 1188 758 1289 dunque
777 1187 959 1258 abbomlo·

40 1316 133 1363 nare
165 1291 243 1377 οἱὸ,
274 1288 341 1362 eho
368 1314 445 1361 esso
473 1295 705 1385 suppreme,
733 1288 801 1362 ohe
824 1314 897 1361 non
925 1296 959 1361 si
1075 1303 1079 1312 ’

44 1393 206 1466 accorda
230 1418 300 1465 con
324 1397 359 1462 la
381 1406 483 1463 santa
507 1398 696 1466 serium:
715 1419 789 1463 non
808 1392 837 1462 si
855 1392 958 1464 stobi-

38 1495 124 1565 lisee
152 1494 178 1564 il
206 1521 269 1565 suo
301 1491 561 1567 Cristianesimo
591 1522 691 1592 sopra
710 1522 781 1565 una
799 1496 958 1565 mussima

41 1596 135 1669 della
154 1598 294 1693 ragione
314 1596 403 1667 delle
423 1596 485 1694 piu
506 1596 685 1669 evidenti?
707 1597 747 1669 Si
766 1596 956 1693 calpestino

40 1716 174 1799 quanto
194 1700 223 1771 si
241 1698 363 1787 vuole,
383 1724 418 1771 se
439 1706 457 1770 ὸ
477 1700 694 1787 necessario,
708 1716 798 1771 tutte
817 1700 855 1770 le·
870 1699 956 1770 altre
979 1760 985 1771 .

39 1803 198 1874 massime
224 1799 314 1873 della
341 1802 577 1899 regionozuo
608 1803 745 1897 seguiro
777 1802 863 1896 egli,
891 1802 956 1873 che

40 1905 68 1977 si
98 1902 270 1976 stabilisoa
299 1903 334 1975 lu
361 1932 423 1976 sua
447 1904 526 1975 sede
557 1904 644 1975 sulle
662 1905 765 1975 ruine
796 1903 886 1975 della
904 1931 959 1975 ra·

40 2006 165 2103 gione:
192 2035 209 2079 e
240 2034 278 2079 se
306 2006 335 2077 si
361 2008 443 2079 vuol
471 2007 664 2079 concedere
694 2022 816 2105 questa
835 2032 957 2077 conse-

39 2136 181 2207 quenua
197 2164 207 2195 ,
226 2136 289 2207 per
308 2136 383 2181 non
408 2109 566 2181 reodersi
585 2110 786 2205 scrupuloso
815 2108 959 2181 intorno

38 2212 70 2283 ei
101 2212 266 2303 termini,
293 2238 369 2283 non
396 2212 424 2283 si
450 2219 552 2309 potr&
580 2212 649 2307 egli
671 2228 870 2299 sostenere,
890 2212 960 2283 ohe

37 2338 91 2384 un
134 2310 393 2383 Cristianesimo
429 2312 577 2385 stabilito
617 2315 655 2383 in
685 2331 808 2410 questo
853 2340 955 2384 senso

40 2414 131 2486 sulle
161 2413 263 2485 ruine
291 2412 381 2484 della
410 2414 551 2508 ragione
582 2413 750 2485 eilvero
771 2413 962 2491 Cristiane-

38 2516 152 2603 simo,
180 2516 206 2585 il
238 2513 501 2588 Cristionesimo
523 2516 589 2612 piis
615 2514 890 2609 ragiouevole?»

30 2675 32 2680 .
146 2620 181 2713 §
210 2642 245 2716 9.
272 2616 418 2691 Deinde·
442 2617 596 2717 quumvis
626 2644 669 2687 ex
697 2614 856 2713 Apostoli
874 2642 959 2712 prae·

40 2737 145 2819 cepto
165 2719 389 2817 captivandus
408 2720 453 2791 sit
472 2720 670 2791 intellectus
696 2719 735 2789 in
753 2717 960 2815 obsequium

36 2824 148 2909 fidei,
168 2821 261 2894 idem
285 2838 404 2893 tamen
414 2821 603 2920 Apostolus
629 2820 804 2919 prohibet,
822 2846 869 2891 ne
886 2846 961 2891 ore·

39 2927 165 2999 damus
193 2924 288 2997 omni
307 2924 469 3023 spiritui,
498 2952 559 2997 seu
588 2924 684 2995 omni
707 2923 835 3010 uerbo,
863 2922 962 3021 quoe}

40 3028 145 3100 nohis
166 3042 231 3099 eeu
260 3027 417 3100 divinum
440 3028 670 3125 proponitur,
697 3047 732 3098 et
748 3025 843 3114 vult,
862 3027 963 3099 obse-

37 3130 168 3229 quium
197 3146 356 3202 nostrum
384 3157 456 3201 esse
482 3130 691 3203 rationabile·
714 3128 864 3227 petitum
892 3128 961 3201 sei-

37 3234 124 3305 licet
152 3259 194 3305 ex
204 3232 340 3305 motivis
357 3289 366 3320 ,
383 3232 574 3331 quaevulgo
592 3232 761 3304 dicuntur
784 3231 957 3326 oredihili-

42 3336 143 3417 tatis,
164 3351 200 3405 et
218 3332 470 3408 evidentissime
499 3360 637 3406 sacrum
662 3334 850 3407 divinitatis
880 3335 959 3405 cho»

43 3454 217 3509 rectorem
240 3438 413 3511 exhibent.
434 3434 644 3533 Hujusmodj
662 3454 745 3511 sunt
763 3434 964 3507 omnimodo

43 3540 193 3640 puritas,
213 3556 248 3613 et
269 3540 437 3614 sanctitas.
451 3539 617 3613 doctrinae
635 3538 787 3626 moralis,
805 3535 879 3620 ueri
895 3562 966 3609 noa·
