2384 4442
855 457 903 536 65

26 556 104 628 solo
141 583 226 628 casu
241 575 263 646 ,’
280 556 376 656 quod
406 558 520 658 aliqua
549 559 626 630 ritae
652 578 776 660 nostrae
802 580 957 662 tempore

24 661 236 732 verificetur
261 661 442 754 conditio;
469 662 524 732 vel
550 662 703 761 denique
721 666 905 754 volumm,
936 693 957 738 a

27 763 217 834 donatario
236 763 312 835 vitae
331 780 458 836 nostrae
476 780 630 862 tempore
657 769 905 862 possessionem
923 787 958 842 et

26 867 299 937 usumfructum
315 865 367 936 rei
386 866 521 938 donate
550 894 626 939 non
644 869 800 966 acquiri,
827 871 887 941 sed
907 899 959 943 so·

27 967 219 1038 lummodo
230 969 286 1064 jus
306 967 436 1040 adrem
451 969 545 1040 illam
555 986 633 1068 post
649 987 797 1043 mortem
807 987 961 1044 nostram

28 1071 98 1141 sibi
118 1069 390 1158 vindicandam,
408 1072 457 1143 ita
475 1088 515 1143 ut
534 1087 739 1168 potestatem
758 1073 958 1146 abdicemus

29 1189 246 1270 praesentem
266 1189 419 1272 nostram
436 1173 652 1246 voluntatem
678 1175 885 1248 immutandi
905 1177 959 1248 vel

31 1275 219 1362 absolute,
237 1275 292 1346 vel
310 1275 452 1348 nonnisi
471 1277 671 1348 conditione
692 1277 806 1376 aliqua
826 1277 960 1375 posita,

32 1408 85 1450 ex.
113 1405 164 1473 gr.
184 1377 214 1448 si
243 1377 443 1449 donatarius
460 1379 650 1451 donantem
677 1379 808 1475 insigni
832 1381 961 1451 afliciat

32 1480 205 1578 injuria,
234 1497 295 1551 ant
324 1479 353 1551 si
384 1481 529 1553 donanti
561 1482 646 1553 orbo
675 1499 794 1580 postea
822 1483 961 1582 propria

32 1583 155 1681 proles
175 1599 347 1654 nascatur.
456 1599 460 1611 '

143 1687 180 1780 §
203 1685 287 1757 302.
305 1684 384 1758 Jam
400 1711 482 1756 vero
501 1684 596 1783 quod
622 1685 824 1780 hujusmodi
852 1685 960 1784 dona·

30 1788 152 1859 tiones
173 1786 212 1856 in
229 1802 318 1857 statu
336 1786 440 1857 etiarn
450 1787 711 1858 mere-naturali
728 1787 889 1874 licitae,et
905 1814 961 1857 va·

29 1890 114 1961 lidae
135 1888 293 1960 dicendae
313 1889 382 1958 sint
396 1913 521 1973 ‚nemo
541 1915 645 1959 sanus
662 1887 842 1960 dubitabit.
864 1886 960 1982 Quid

31 1993 132 2065 enim
165 1991 236 2087 juri
263 1989 414 2062 naturali
443 1989 550 2085 magis
581 1989 825 2077 conveniens,
855 2016 961 2086 qnam

29 2095 224 2168 dominum
239 2149 249 2180 ‚
267 2120 305 2164 re
326 2121 387 2165 sua
404 2093 458 2163 uti
476 2108 581 2190 prout
600 2092 665 2194 ipsi
683 2092 840 2165 videtur?
861 2092 958 2188 Quid

31 2197 147 2292 magis
166 2195 309 2267 homine
329 2194 498 2289 dignum,
523 2196 620 2267 etad
640 2195 822 2267 colendam
842 2223 881 2266 ac
901 2195 960 2266 de·

30 2298 263 2372 vinciendum
299 2297 498 2369 societatem
533 2297 827 2384 accomodatum,
857 2323 962 2395 quam

31 2401 274 2488 liberalitate,
303 2426 343 2471 ac
371 2400 612 2472 munificentia
650 2401 723 2470 aliis
761 2399 961 2470 hominibus

34 2504 233 2604 prodesse?
522 2596 523 2604 ἵ

150 2610 184 2702 §.
207 2607 291 2679 303.
311 2605 367 2678 De
385 2605 560 2677 validitate
577 2617 865 2675 testamentorum
888 2654 897 2686 ‚
928 2616 963 2672 et

35 2709 307 2784 successionum
324 2709 367 2780 ab
385 2708 548 2778 intestato
577 2705 636 2776 hic
664 2731 737 2775 non
761 2701 963 2801 loquimur,

37 2814 127 2916 quia
144 2811 348 2908 hujusmodi
366 2809 573 2909 quaestiones
592 2805 636 2878 ad
656 2803 962 2879 Professoremt'u-

37 2919 90 2989 ris
109 2915 255 2989 Naturae
273 2941 313 2986 ac
324 2913 495 2988 Gentium
512 2909 706 3010 specialiter
723 2907 913 3006 pertinent.

149 3021 185 3113 §.
208 3019 293 3110 304.
314 3014 584 3089 Commodatum
603 3029 654 3085 est
674 3011 964 3108 contractus,quo

37 3122 94 3195 rei
114 3120 263 3217 alicujus
276 3117 543 3192 ususadomino
564 3116 665 3212 gratis
682 3114 780 3187 alteri
800 3114 962 3186 concedi·
1039 3122 1046 3130 “

37 3242 102 3296 tur
120 3250 203 3295 cum
214 3250 319 3295 onere
338 3221 375 3293 id
394 3220 509 3319 ipsum
526 3220 564 3290 in
582 3217 763 3289 individuo
779 3217 962 3288 restituen-

39 3321 660 3424 di,ususque,modus,quantitas‚et
678 3319 846 3392 terminus
866 3345 885 3388 a
903 3317 963 3387 do·

37 3431 141 3502 mino
160 3427 403 3526 prescribitur.
435 3424 552 3521 Quare
574 3422 822 3494 commodantis
842 3417 965 3489 volun-

39 3550 95 3606 tas
114 3532 170 3603 vel
196 3557 385 3628 expressa,
411 3528 467 3599 vel
492 3524 740 3598 rationabiliter
757 3536 965 3620 presumpta

44 3632 309 3708 commodatarii
327 3631 551 3730 obligationes
570 3626 779 3700 dimetietur.
807 3623 918 3696 Porro
935 3622 965 3694 si
