2384 4442
847 483 902 562 63

53 604 242 681 relinquerent,
261 603 357 661 omnia
375 602 521 681 perdant3
542 604 645 674 nevis,
664 617 821 685 ceteraque
843 630 952 701 eorupr

53 682 112 749 sint,
126 680 172 756 qui
186 679 215 735 in
230 680 295 739 navi
311 681 498 739 remanserint
513 703 526 731 r
538 702 545 735 ε
558 680 753 758 magnitudine
774 697 946 762 tempestatrs

54 776 134 814 omnes
142 754 281 831 perterriti
294 774 396 827 nsvem
413 754 625 833 relinquerint,
642 768 671 813 et
684 756 720 812 in
730 760 863 835 scapham
878 784 948 819 con·

53 830 203 889 scenderunt
216 844 328 909 praeter*
348 852 445 887 unum»
471 838 628 909 aegrotum,
658 831 715 907 qui
728 848 849 910 psopter
873 857 950 895 mor·

52 907 108 963 bum
131 906 224 974 exire,
245 918 274 963 et
288 906 319 963 fu
340 926 394 964 ere·
402 928 468 965 non.
476 906 581 984 potuit
597 908 769 965 Casnnavis
783 910 814 963 in
826 925 945 987 portum

53 980 180 1039 incolumis
199 982 293 1040 evasit.
309 926 397 1039 lisam.
416 996 539 1061 aegrotus
554 983 689 1060 possidet
705 982 814 1041 Navius
823 986 898 1072 petit
914 987 947 1043 il-

52 1057 73 1113 le
89 1060 164 1133 cujus
183 1056 282 1115 suerat
302 1057 357 1114 Hic
373 1079 439 1115 sane
458 1057 530 1116 ratio
546 1059 617 1135 legis
631 1058 708 1126 fuit,
725 1070 760 1115 ut
780 1080 832 1147 qur
847 1062 886 1118 ob
902 1080 951 1117 na·

53 1133 98 1189 vim
121 1132 287 1190 servandam
310 1133 398 1191 vitam
418 1154 498 1191 suam
517 1134 829 1210 periculouexposurt,
852 1136 951 1212 aliquo

50 1208 154 1287 praemio
172 1208 307 1295 gaudeat.
323 1208 416 1280 Quod⁴
432 1224 553 1297 aegrotus
569 1209 616 1267 hic
631 1208 811 1286 praetendcre
826 1231 886 1267 non
899 1232 952 1287 po-

53 1296 115 1351 test,
135 1302 187 1359 qur
204 1304 300 1360 neque
324 1304 359 1343 eo
376 1283 440 1342 fine
457 1306 492 1341 m·
507 1287 575 1342 navi
604 1284 741 1343 remansit
759 1326 767 1353 ‚
793 1306 889 1362 neque
918 1287 961 1341 act

54 1378 101 1417 sam
113 1359 276 1417 servandam
292 1358 457 1437 quidquam.
471 1360 610 1419 contulit..

322 1539 668 1618 CAPUTXI.

218 1748 281 1821 De
302 1718 559 1821 Contractibus
579 1751 616 1818 ῖη
634 1752 766 1847 specie.

138 1928 170 2024 §-
192 1952 277 2025 299.
297 1924 327 1999 E
347 1924 581 1998 contractibus
610 1924 668 1996 alii
697 1923 867 1999 dicuntur
893 1928 953 1997 he-

52 2030 159 2117 nrici,
178 2030 239 2129 qui
259 2057 303 2103 ex
322 2054 393 2101 una
412 2045 508 2127 parte
529 2055 638 2115 onus,
658 2055 700 2100 ex
718 2027 785 2099 alia
803 2055 955 2101 commo·

53 2132 122 2203 dum
137 2133 351 2231 important,
374 2147 415 2203 ut
444 2132 647 2229 promissio,
666 2129 831 2220 donatio,
862 2159 955 2205 corn·

51 2235 210 2309 nodatum
231 2292 245 2324 ,
272 2234 490 2334 precarium,
514 2252 711 2321 mutuum,
732 2234 954 2334 depositum,

50 2338 262 2433 mandatum,
281 2355 316 2410 et-
333 2337 508 2435 fisiejnssio
522 2366 540 2431 3,
563 2338 627 2410 alii
640 2338 804 2425 onerosi,
831 2340 893 2437 qui
912 2349 955 2410 ex

51 2459 186 2543 utraque·
197 2458 304 2541 parte:
318 2468 437 2529 onus,
453 2457 488 2513 ct
507 2440 731 2513 commodum
748 2442 957 2538 important,

52 2562 82 2616 ut
98 2544 324 2643 permutatio,
339 2544 482 2643 emptio,
490 2544 663 2635 ¹venditio,
674 2544 815 2629 locatis,
824 2544 958 2615 condu-

55 2649 125 2736 ctio,
143 2650 307 2736 societas,
320 2664 354 2719 et
371 2673 494 2721 omnes
512 2645 589 2733 illi,
614 2672 706 2743 quos
725 2645 959 2716 innominatos

52 2770 196 2840 vocant,
214 2752 298 2852 quia
317 2750 465 2850 proprio
483 2764 602 2820 carent
619 2747 823 2835 vocabulo,
843 2764 876 2819 et
895 2747 970 2819 sub

55 2856 215 2949 genericis.
236 2854 315 2927 iilis.
335 2852 501 2925 icrmulis·
527 2851 809 2924 continentum«
837 2848 894 2923 Do
923 2868 964 2922 ut

54 2958 126 3046 des,
155 2959 199 3033 do
219 2975 261 3031 ut
280 2956 418 3044 facias,
437 2955 532 3028 facio
545 2972 588 3027 ut
605 2954 731 3039 iacias,
751 2970 786 3024 et
804 2954 893 3025 facio
923 2970 966 3025 ut

56 3060 105 3132 des
119 3092 161 3155 »ς
180 3062 244 3133 alii·
259 3060 414 3159 deniqne
433 3054 618 3145 alentonii,
639 3086 707 3129 seu
721 3057 830 3129 aleam
854 3057 965 3129 conti-

54 3182 191 3252 nentes,
216 3188 377 3265 quorum.
392 3162 567 3259 utrinque·
580 3188 669 3233 onus
688 3177 723 3232 et
742 3161 966 3233 commodum

54 3268 89 3339 ab
116 3268 260 3340 incerto·
283 3282 417 3339 eventum
435 3264 636 3362 dependet,
665 3281 706 3336 ut
728 3264 963 3349 assecuratio,

53 3370 211 3459 lothario,
232 3368 565 3455 censusvitalitius,
584 3366 690 3456 ludi,
705 3384 739 3439 et
763 3368 974 3466 sponsiones,

55 3474 148 3571 vulgo
168 3499 389 3549 scommesse.
409 3471 464 3545 Dc
485 3471 628 3567 singulis
647 3471 805 3543 breviter.

151 3580 186 3673 §.
210 3578 295 3649 300.
316 3575 556 3648 Promissionis
576 3575 718 3646 nominc
749 3599 822 3644 non
841 3570 978 3642 intelli--

57 3679 139 3773 gitur
158 3680 256 3773 nuda
275 3680 436 3767 assertio,
461 3708 531 3781 qua
550 3677 786 3765 declaramus,
811 3674 895 3775 quid
920 3677 979 3747 fs-
