2384 4442
76 606 165 675 ctus,
188 612 292 686 quem
318 603 433 657 tamen
453 588 482 659 si
500 588 538 661 in
565 588 639 687 ipso
665 586 888 701 paciscendi
890 599 972 655 actu

73 720 137 763 non
154 690 346 787 prebuisti,
365 692 493 762 tenens
505 710 623 790 postea
640 693 809 791 praebcre‚
828 709 868 764 ut
878 714 972 783 1111ss

72 813 147 887 stam
174 793 313 865 alterius
348 791 590 891 deceptionem
624 795 733 867 tollas.
768 790 973 893 Requiritur

74 898 101 969 3.
117 896 240 995 quod
230 896 374 967 mterior
394 923 583 969 consensus
614 899 658 969 sit
681 897 784 995 plene
808 893 973 968 delibera·

70 1016 137 1073 tus:
162 998 256 1073 unde
289 998 501 1087 amentium,
534 1001 732 1086 ebriorum,
763 1000 974 1080 infantium,

72 1120 102 1173 et
112 1102 454 1173 semi-dormientium
464 1121 564 1200 pacta
576 1104 707 1175 nullius
718 1102 882 1199 ponderis
894 1124 976 1169 cen·

25 1212 28 1253 ³
73 1205 166 1277 senda
184 1221 286 1292 sunt,
306 1205 397 1275 sicut
416 1206 519 1277 etiam
536 1206 594 1279 illa
607 1263 617 1294 ,
629 1234 706 1305 quae
726 1233 768 1278 ex
787 1232 902 1278 errore
920 1200 975 1271 vel

26 1347 27 1353 κ
74 1308 143 1379 dolo
162 1308 252 1379 circa
271 1308 322 1379 rei
342 1307 581 1397 substantiam,
610 1309 703 1407 pacti
728 1325 903 1395 naturam,
920 1302 976 1374 vel

25 1419 26 1425 ’
72 1410 245 1507 principale
265 1410 435 1482 motivum
445 1410 675 1484 intrinsecum
685 1438 892 1509 processere.
914 1407 975 1480 Sic

72 1514 155 1585 nulla
174 1529 223 1585 est
241 1512 395 1585 venditio
407 1515 492 1585 vasis
511 1516 602 1589 aerei
613 1542 675 1613 pro
695 1542 800 1587 aureo
814 1511 975 1600 ‚nullum

25 1628 26 1653 l
73 1617 168 1693 Jacob
186 1616 448 1689 matrimonium
467 1644 549 1689 eum
567 1618 630 1691 Lia
648 1645 725 1717 que
752 1616 884 1690 Rachel
909 1642 974 1713 pu·

25 1727 29 1767 ³
73 1720 218 1811 tahatur3
243 1718 343 1791 nulla
371 1719 493 1791 domus
512 1720 637 1791 locatio
664 1723 755 1792 lacta
775 1718 884 1815 (iujo,
914 1718 977 1815 qui

25 1860 27 1870 ι
70 1838 157 1918 putat
177 1822 322 1894 domum
340 1821 406 1892 sibi
425 1822 570 1915 donari3
594 1822 693 1894 nulla
711 1822 863 1919 denique
881 1820 976 1890 millc

25 1964 27 1977 =
72 1952 243 1997 aureorum
261 1924 443 2023 promissio
455 1926 543 1997 lacta
557 1924 784 2023 Sempronio,
795 1924 878 2023 quia
893 1950 977 1995 oon·

25 2028 32 2075 t
73 2029 269 2123 sanguineus
284 2027 510 2115 existimatur,
532 2054 614 2101 cum
631 2029 707 2100 talis
718 2055 791 2100 non
803 2027 857 2099 sit.
878 2026 976 2121 Quin

25 2141 26 2153 ¹
72 2130 132 2221 imo
152 2158 245 2203 error
267 2130 372 2203 etiarn
395 2131 450 2203 vel
469 2130 568 2203 dolus
588 2132 680 2204 circa
707 2132 758 2203 rei
776 2130 977 2230 qualitatem

28 2242 32 2309 ἶ
73 2234 313 2306 accidentalem
330 2261 349 2304 a
367 2234 562 2332 paciscente
582 2236 629 2307 ita
639 2236 823 2322 intentam,
842 2250 882 2305 ut
900 2234 976 2306 sine

71 2336 375 2435 illa'explicite‚vel
392 2337 557 2436 implicite
568 2338 697 2436 pacisci
714 2338 817 2425 nolit,
835 2354 977 2435 pactum
1046 2410 1050 2418 ,

26 2446 33 2457 ”
70 2441 182 2535 procul
210 2440 321 2512 dubio
347 2441 539 2514 invalidum
563 2442 689 2514 reddit
720 2441 796 2512 Hoc
820 2440 915 2511 enim
937 2439 977 2509 in

26 2552 32 2620 Τ
72 2570 142 2613 casu
161 2544 308 2643 qualitas
327 2543 385 2614 illa
403 2570 475 2617 una
495 2570 577 2615 cum
594 2572 646 2615 rer
635 2541 859 2614 substantia
884 2541 977 2637 pacti
1065 2600 1069 2605 .

26 2654 34 2697 ’ἑ
74 2646 238 2742 oh'jcctum
256 2644 484 2719 substantiale
504 2646 713 2741 ingreditur,
738 2659 773 2714 et
790 2668 864 2713 non
882 2642 978 2714 adest

28 2792 30 2803 ·
72 2748 491 2844 paciscendivoluntas,
455 2776 522 2821 n1s1
512 2748 699 2847 qualitate
710 2745 768 2816 illa
778 2744 887 2843 posita
902 2761 978 2815 tan·

72 2878 165 2949 quam
183 2852 432 2924 conditione
407 2880 480 2923 srne
501 2880 570 2952 qua
588 2878 673 2922 non.
707 2848 771 2920 Sin
801 2874 882 2920 vero
901 2847 977 2917 talis

26 2965 34 3010 ῑ·“
72 2956 189 3026 condit'
167 2972 213 3027 tro
234 2983 304 3027 nec
325 2955 500 3053 explicite,
519 2982 587 3027 nec
606 2952 883 3070 irnplicitepacto
902 2951 977 3023 sne-

27 3070 34 3157 J
72 3055 110 3127 rit
128 3059 293 3155 apposita,
314 3085 409 3129 error
432 3057 486 3129 vel
517 3056 666 3129 dolus
637 3083 728 3127 circa
755 3054 805 3125 rei
834 3054 977 3153 qualita-

27 3180 34 3217 2
72 3174 136 3231 tem
153 3160 403 3233 accidentalem
423 3161 623 3232 nullatenus
638 3174 781 3277 pactum
800 3152 995 3243 invalidatsfl

31 3278 35 3317 ἱ
71 3260 133 3334 imo
146 3290 174 3335 s1
164 3264 276 3335 alter
293 3264 471 3362 paciscens
485 3263 645 3333 nullam
636 3290 673 3333 m
686 3260 764 3333 dolo
776 3278 908 3360 partem
919 3262 980 3328 lra-

27 3382 35 3424 ί
70 3363 153 3452 buit,
177 3393 244 3439 nec
265 3366 353 3439 illud
372 3366 593 3439 resciudibilc
611 3366 694 3437 lacit
711 3364 755 3435 ad
774 3382 902 3435 nutum
920 3362 980 3429 de-

27 3519 30 3531 ,
71 3468 332 3589 cepti,quamvis
351 3470 395 3541 ad
412 3470 518 3566 hujus
537 3486 666 3540 nutum
683 3466 835 3539 rescindi
852 3464 983 3561 possit

28 3592 32 3630 2'
74 3576 100 3645 si
118 3598 211 3642 error
232 3600 274 3645 ex
294 3572 432 3645 alterius
451 3572 656 3671 paciscentis
685 3570 765 3642 dolo
789 3565 980 3666 procedens

27 3667 203 3763 ldedcrit
223 3702 363 3749 causam
382 3676 591 3764 contractui,
620 3692 653 3746 et
672 3674 735 3743 iste
760 3671 840 3743 site
860 3696 982 3743 nume·
1072 3761 1075 3770 Ι

660 3778 681 3849 3
694 3777 743 3822 se
