2384 4442
824 419 910 517 ,145

49 524 179 613 vertit,
198 551 234 600 se
253 524 308 599 vei
328 526 495 613 omnino,
515 524 570 597 vel
590 552 632 596 ex
650 544 744 623 parte
757 528 970 601 1111111111

47 630 118 716 nis,
137 628 199 700 vel
207 629 480 735 perfectionibus
500 652 617 700 carere
629 629 821 727 ,simulque
841 646 969 729 sperat,

46 747 79 802 11
108 747 261 804 conatur
292 732 459 829 aequalia,
490 746 549 801 aut
581 729 685 799 etiarn
712 734 885 847 superiora
903 732 969 805 sibi
1037 810 1042 819 ,

46 860 260 933 comparare.
292 833 384 905 Hine
414 831 616 929 hujusmodi
645 831 756 929 passio
784 834 890 905 mixta
920 851 970 907 est

48 964 92 1009 ex
115 936 280 1023 tristitia,
298 953 421 1023 metu,
442 952 476 1006 et
494 934 649 1007 audacia.

157 1041 269 1137 311.
292 992 458 1111 Similiter
488 1037 662 1135 passiones
684 1036 801 1108 mixtae
819 1053 901 1109 sunt
918 1038 972 1108 in·

44 1130 236 1259 dignatio,
255 1141 468 1227 invidentia,-
489 1158 522 1212 et
543 1136 793 1213 commiseratio
807 1166 912 1238 ,quae
931 1140 975 1212 ad

43 1270 208 1317 invicem
220 1244 391 1315 confundi
402 1272 475 1315 non
487 1244 626 1315 dehent.
640 1241 870 1337 Indignamur
881 1270 976 1315 emm

46 1374 134 1443 erga
154 1350 261 1434 erim,
289 1372 350 1445 qur
340 1348 484 1434 bene,
508 1345 562 1418 vel
585 1345 673 1417 male
693 1346 776 1417 iacit
792 1346 974 1441 indignis,

45 1449 254 1521 invidemus
273 1450 442 1567 indigno,
474 1476 535 1547 qul
525 1448 687 1520 honum
705 1449 850 1547 accipit,
874 1449 976 1521 mise-

43 1578 175 1623 remur
201 1552 302 1649 ejus,
330 1553 389 1623 eui
426 1552 557 1622 malum
586 1552 736 1623 infertur
766 1552 975 1627 immerenti.

45 1654 184 1751 Quin
175 1680 244 1725 uno
264 1682 330 1725 nee
350 1655 399 1725 ira
419 1654 534 1725 stricte
554 1654 732 1751 loquendo
751 1656 976 1727 confunden-

43 1758 99 1842 da,
116 1773 171 1827 est
191 1783 272 1828 euin
290 1756 553 1852 indignatione:
584 1757 642 1827 itta
671 1752 766 1828 enim
786 1813 795 1844 ,
823 1774 864 1829 ut
890 1759 975 1829 vidi-

42 1885 132 1931 mus
150 1860 209 1956 (3
224 1856 266 1955 5.)
285 1860 416 1945 ,oritur
434 1886 475 1931 ex
493 1858 599 1946 malo,
611 1861 706 1957 quod
728 1861 770 1931 ab
790 1860 856 1931 alio
875 1861 976 1935 nobis

44 1963 233 2047 infertur,
261 1960 441 2037 haec'vero
462 1990 504 2033 ex
523 1962 613 2034 malo
640 1962 694 2032 vel
708 1963 806 2033 hono
836 1963 879 2034 ab
909 1964 976 2040 alio

41 2066 85 2135 in
109 2064 336 2135 immerentes
367 2088 607 2163 quoscumque
635 2064 774 2139 diffuso.
795 2066 904 2139 Porro
923 2067 979 2140 in-

41 2166 209 2243 videntia
234 2194 276 2237 ex
299 2167 436 2237 tristitia
461 2182 495 2237 et
519 2167 597 2239 odio
626 2168 732 2241 mixta
760 2168 927 2241 definitur
956 2199 977 2241 a

41 2268 179 2345 Tullio
200 2268 343 2355 Tametsi.
361 2271 495 2368 Qttoest.
508 2269 635 2361 Lina.
655 2271 746 2370 Cap.
779 2272 812 2343 8.
843 2304 869 2342 11·
882 2272 977 2368 aegri-

40 2372 144 2445 tudo
176 2388 334 2469 suscepta
360 2390 500 2469 propter
529 2372 670 2443 alterius
698 2400 754 2442 res
783 2376 978 2462 secundas,

43 2502 138 2575 quae
163 2473 253 2543 nihil
276 2492 426 2545 noceant
445 2474 616 2543 invidenti
626 2504 677 2569 11.
702 2473 741 2543 Si
762 2476 856 2546 enim
879 2479 977 2573 (pro-

38 2576 220 2676 sequitur
249 2576 409 2674 Tulliue)
441 2576 518 2673 quis
546 2574 659 2645 doleat
690 2573 765 2669 ejus
794 2577 898 2658 rebus
926 2606 978 2648 se-

39 2678 213 2765 cundis,
243 2706 263 2752 a
286 2694 356 2778 quo
384 2678 456 2775 ipse
484 2676 654 2762 1111111111,
677 2703 752 2746 non
777 2692 872 2747 recte
895 2679 980 2749 dici-

37 2803 113 2858 tur
136 2780 324 2855 invidere.»
342 2779 605 2853 Commiseratio
615 2802 697 2849 vero
709 2805 769 2848 seu
777 2778 982 2850 misericor·

35 2890 109 2959 dia
145 2884 253 2955 mixta
273 2912 315 2957 11
335 2910 449 2967 amore
469 2910 508 2954 ae
520 2882 687 2968 tristitia,
714 2879 844 2952 ibidem
862 2883 905 2957 ab
925 2904 981 2957 eo-

34 2991 141 3062 dem
163 2986 282 3060 Tullio
302 2986 468 3061 definitur
481 3016 490 3059 a
503 3018 517 3053 11
531 2984 696 3081 aegritudo
717 3012 758 3056 11
776 2983 913 3057 miseria
932 2986 981 3057 al·
1042 3043 1047 3052 .

32 3092 170 3175 terius
201 3088 330 3184 injuria
356 3088 542 3159 laborantis
558 3120 598 3159 11.
622 3086 766 3158 «Nemo
794 3088 907 3177 enim,
927 3089 983 3160 in·

32 3195 162 3298 (suit,
184 3192 361 3299 parricidae
380 3207 440 3263 aut
458 3189 642 3288 proditoris
662 3189 831 3288 supplicio
850 3193 982 3265 miseri-

33 3294 183 3374 cordia
202 3311 479 3369 commovetur».
918 3324 925 3335 ·

165 3399 282 3495 3.11.
310 3396 474 3495 Denique
501 3396 636 3493 pudor,
666 3397 810 3495 quinos
829 3423 980 3495 persaepe

26 3511 91 3583 ab
114 3500 259 3597 agendo
278 3501 441 3586 retrahit,
462 3515 512 3573 est
530 3500 661 3598 species
680 3500 824 3575 tristitiae
840 3517 980 3573 ,0111111
1005 3563 1008 3573 .

147 3601 448 3679 .Ρ1ὀο.Ε111.701.ΙΙ.
677 3627 702 3661 1,
754 3630 773 3699 7
810 3679 817 3697 ,
862 3620 933 3691 1,.-
