2384 4442
273 470 346 562 ιιι,

213 598 258 645 ne
278 571 411 643 scilicet
436 568 559 670 aliquae
587 585 687 640 terrae
712 566 890 665 portiones
915 566 1062 639 inculte
1077 593 1133 637 re·
1189 575 1190 592 ³

211 690 404 749 manerent.

317 776 457 873 §372
485 772 619 847 Item
592 800 621 843 si
639 799 712 843 una
738 799 821 868 gens
848 770 1011 843 adversus
1030 769 1132 842 aliam
1189 809 1190 838 1

211 879 345 977 justum
370 876 501 949 bellum
531 875 642 973 gerit,
661 875 783 947 merito
803 873 990 992 supponit,
999 896 1132 947 omnes

212 980 274 1079 qui
293 997 414 1053 contra
437 978 545 1076 ipsam
570 1002 664 1049 arma
688 993 852 1063 movent,
879 978 1028 1072 injustos
1057 1004 1132 1047 esse
1189 977 1190 1050 i

85 1092 101 1105 ²
212 1108 356 1155 suorum
381 1082 513 1179 jurium
541 1106 778 1177 aggressores,
808 1080 1025 1178 proindeque
1055 1080 1132 1151 os·
1189 1097 1190 1148 t

213 1185 274 1257 ciis
293 1184 506 1259 naturalibus
536 1182 676 1300 precise
705 1183 864 1279 spectatis
890 1181 984 1253 licite
1015 1198 1190 1280 potest

212 1303 384 1387 quotquot
400 1314 442 1359 ex
457 1286 547 1359 ttlis
537 1313 576 1356 ιιι
588 1310 686 1357 suam
704 1300 908 1382 potestatem
920 1284 1129 1371 deveniunt,
1189 1305 1190 1368 3

211 1407 378 1507 perpetua
397 1389 558 1461 servitute
578 1387 768 1473 damnare,
780 1385 1133 1483 utgmvissimamin·
1189 1371 1190 1400 ¹

211 1493 359 1589 jurium,
387 1507 422 1563 et
446 1491 571 1563 damna
589 1489 655 1561 sibi
671 1489 765 1561 illata
785 1505 1035 1606 compensent,
1061 1490 1130 1561 nisi
1189 1537 1190 1590 1

211 1592 457 1711 redemptionis
475 1593 627 1710 pretium
643 1590 799 1679 solvant,
822 1592 905 1664 vel
895 1620 933 1663 m
952 1592 1048 1690 pacis
1067 1593 1131 1664 foe·
1189 1593 1190 1644 1

212 1696 294 1769 dere
315 1697 528 1795 captivorum
545 1696 721 1794 utrimque
740 1695 914 1769 restitutio
930 1695 1131 1793 praescriba-

211 1816 291 1887 tur,
313 1817 417 1897 prout
443 1800 534 1871 inter
553 1799 716 1871 cultiores
744 1814 863 1895 gentes
881 1798 1008 1869 nostris
1031 1797 1130 1869 hisce

212 1902 424 2001 temporibus
444 1903 518 1974 fieri
541 1902 636 1974 solet.
656 1899 747 1997 Ergo
773 1901 942 1986 secundo,
961 1900 1058 1971 licita
1078 1917 1131 1972 est

212 2004 361 2078 obnoxia
389 2006 533 2079 servitus
553 2030 695 2090 eorum,
714 2004 832 2103 quiin
850 2003 940 2075 bello
958 2004 1053 2099 justo
1074 2030 1130 2077 ca—

213 2106 265 2203 pti
285 2123 375 2179 sunt
1189 2155 1190 2160 1

315 2211 350 2303 §
372 2209 455 2305 373.
475 2206 638 2325 Denique
658 2236 740 2283 eum
757 2208 928 2306 mancipia
943 2210 999 2307 (ὃ
1014 2207 1098 2307 369
1114 2212 1127 2306 )

212 2308 260 2381 sio
281 2308 378 2380 alteri
397 2309 535 2383 addicta
553 2312 643 2399 sint,
662 2329 703 2383 ut
717 2312 805 2385 hoe
796 2338 911 2410 1psum
921 2310 1130 2412 quodsunt,

212 2412 255 2483 sit
277 2412 438 2500 alterius,
458 2414 629 2514 quidquid
648 2440 690 2487 ex
713 2415 761 2485 eis
779 2416 955 2513 provenit,
972 2413 1046 2486 ud
1036 2442 1130 2512 ipso·

211 2540 292 2587 rum
320 2515 478 2589 dominos
506 2518 630 2615 procul
657 2518 763 2590 dubio
793 2535 932 2616 spectat
962 2518 1034 2590 Sed
1065 2519 1130 2590 filii

213 2646 256 2689 ex
292 2622 492 2718 parentibus
522 2621 742 2719 proveniunt.
782 2621 822 2694 si
854 2648 934 2718 ergo
964 2639 1129 2718 parentes

214 2723 283 2794 sint
308 2724 505 2821 mancipia,
535 2724 596 2795 filii
615 2750 756 2823 quoque
782 2742 976 2797 nascuntur
993 2726 1128 2795 menei·
1189 2805 1190 2808 Ἴ

211 2824 291 2923 pia3
321 2854 362 2901 eo
390 2828 446 2899 vel
468 2826 574 2923 magis
600 2826 695 2925 quod
712 2828 830 2900 matris
849 2854 962 2926 opera
972 2855 1130 2925 praegna
1189 2861 1190 2924 q

215 2928 321 3001 tionis
337 2930 563 3027 ‚puerperii,
590 2947 625 3001 et
650 2929 843 3003 laetationis
867 2948 1024 3026 tempore
1052 2958 1129 3004 ιιοιι

214 2984 364 3100 multuin
375 3032 548 3103 Dominus
566 3032 620 3104 uti
637 3032 767 3129 possit,
786 3035 919 3132 diuque
936 3033 998 3103 filii
1017 3061 1036 3104 e
1058 3060 1128 3107 ser-
1189 3027 1190 3086 1

212 3131 262 3203 vis
274 3132 347 3201 nati
366 3133 517 3205 alendi
493 3153 561 3206 smt
570 3151 784 3232 ‚antequam
802 3161 924 3209 eorum
942 3148 1047 3233 opera
1066 3139 1127 3211 do
1189 3149 1190 3168 ³

211 3233 307 3305 mino
326 3235 420 3307 utilis
440 3266 511 3309 esse
531 3255 657 3335 queat,
684 3255 718 3309 et
736 3256 920 3339 sequentes
938 3267 1052 3337 operae
1071 3242 1127 3315 sui
1189 3309 1190 3312 ,

211 3336 373 3455 temporis
403 3339 573 3411 alimentis
603 3343 825 3440 respondent.
849 3344 954 3419 Unde
974 3345 1125 3417 naturali
1189 3355 1190 3358 ’

211 3440 349 3538 justitie
369 3458 643 3515 consentaneum
661 3462 712 3515 est
725 3446 848 3544 ,quod
866 3474 1045 3519 semorum
1062 3448 1125 3519 filii
1189 3533 1190 3536 Ἴ

212 3544 343 3617 tamdiu
360 3546 526 3632 serviant,
546 3546 713 3645 quamdiu
731 3578 807 3622 non
824 3550 999 3623 reddant
989 3578 1126 3649 impen·
1186 3603 1191 3662 q
