2384 4442
830 453 877 549 93

37 549 179 653 vivendi,
200 566 234 621 et
251 549 410 621 lucrandi
437 548 595 621 deductis
624 550 805 647 expensis,
836 571 869 623 et
888 554 930 625 iis

37 680 97 751 qua
113 642 250 739 vivens,
280 670 340 725 aut
367 680 441 725 non
469 652 670 724 vulneratus
701 657 929 753 consumpsis

38 773 85 826 set
102 754 196 827 Pro
186 756 314 852 rnjuria
333 756 484 853 denique
512 755 685 853 personali
710 784 785 827 non
803 758 868 828 alia
887 787 929 831 ex

37 858 131 929 officio
149 875 207 930 nat
194 860 297 930 turali
316 858 454 956 concipi
472 875 585 956 potest
604 858 787 931 satisfactio
798 884 930 977 ,quarn

37 961 150 1033 reniam
167 979 310 1059 petere,
341 980 374 1034 et
394 962 549 1035 sinceras
569 960 724 1049 doloris,
750 988 790 1032 ac
820 963 929 1060 poeni-

37 1064 133 1135 tentia
149 1064 295 1164 prodere
315 1065 593 1161 significationes

271 1269 306 1343 ¹C
332 1269 520 1345 APUT
568 1270 671 1345 XIII·

24 1528 25 1531 ,
121 1480 178 1550 De
197 1476 378 1551 Soeeuue
400 1476 615 1574 Cortjugali,
635 1490 670 1546 et
690 1474 829 1576 Officiis

24 1588 25 1591 ’
328 1578 627 1677 attestarentur.

124 1788 155 1881 §.
177 1784 265 1860 335.
296 1783 398 1869 Brevi
425 1784 551 1883 quaevis
578 1785 670 1857 inter
694 1786 853 1859 homines
873 1786 932 1859 de·

40 1902 208 1959 strueretur
228 1888 398 1974 societas,
428 1887 496 1957 nisi
515 1888 648 1983 capita,
667 1916 744 1987 quae
763 1917 825 1988 per
843 1916 934 1961 mor·

39 2006 95 2060 tem
111 1991 263 2090 quotidie
283 1992 538 2063 obtruncantur
559 1992 779 2084 generatione
799 2020 935 2089 repara-

39 2109 148 2166 rentur.
167 2094 454 2167 Fundamentum
473 2120 579 2188 erge,
610 2111 644 2164 et
673 2095 855 2169 vinculum
880 2096 935 2165 in·

40 2210 122 2289 tegrae
145 2198 307 2269 humanae
335 2197 504 2269 societatis
524 2214 574 2269 est
594 2197 737 2271 societas
768 2200 932 2296 conjuga-

41 2296 71 2367 lis
85 2328 193 2399 ‚quae
212 2300 338 2371 merito
357 2300 544 2372 definitur:
568 2333 583 2368 e
606 2300 749 2373 societas
777 2304 880 2373 maris
900 2319 935 2373 et

40 2354 166 2473 soeritinae
185 2404 312 2475 sobohs
341 2401 587 2518 procreandae,
617 2420 720 2501 atque
744 2405 935 2475 educandae

40 2528 139 2576 caussa
155 2507 219 2581 init
221 2535 239 2577 a
258 2537 293 2578 n.
305 2504 715 2601 Procreandae,1nquam,
727 2522 838 2603 atquc
851 2508 935 2577 edu-

41 2608 159 2696 candae,
189 2609 273 2708 quia
298 2636 420 2727 parurn
449 2607 625 2706 prodesset
642 2606 796 2678 humano
816 2612 935 2701 generi

41 2666 171 2783 filiorurir
186 2713 379 2811 procreatio
392 2712 464 2783 sine
482 2709 622 2781 illorum
637 2708 799 2805 physica,
813 2726 847 2780 et
862 2736 935 2781 mo·

40 2811 90 2881 reli
107 2815 319 2887 educatione.
339 2814 445 2889 Unde
472 2811 591 2928 liquet
605 2811 693 2882 duos
713 2838 784 2881 esse
803 2811 937 2908 potissi·

41 2938 98 2993 tuos
115 2918 344 3004 matrimonii,
364 2944 425 2989 seu
441 2914 612 2988 societatis
623 2913 814 3010 conjugalis
826 2915 935 3003 fines,

40 3017 127 3110 prolis
152 3048 278 3117 nempe
310 3019 596 3114 generationem,
628 3033 731 3114 atque
763 3017 938 3090 educatio·

41 3144 128 3210 nern,
154 3124 281 3241 quibus
300 3122 387 3193 adde
406 3138 571 3193 mutuum
590 3121 783 3216 conjugum
801 3120 937 3217 adjuto·

42 3222 140 3312 rium,
160 3243 194 3298 et
211 3228 250 3298 in
270 3241 359 3297 statu
379 3241 510 3296 naturae
528 3222 629 3322 lapsae
648 3223 843 3296 remedium
855 3244 938 3296 con-

41 3327 254 3423 cupiscentiae.
1012 3394 1021 3401 .

129 3434 161 3527 §.
185 3432 270 3504 336.
297 3430 348 3504 Ex
374 3414 498 3501 tradita
523 3457 627 3527 porro
655 3429 858 3501 definitione
886 3455 937 3498 se-

41 3532 167 3627 quitur:
184 3562 212 3608 1
227 3564 307 3621 ,eos
334 3534 395 3634 qui
414 3550 510 3606 actus
531 3561 572 3605 ex
591 3561 627 3605 se
647 3532 691 3604 ad
710 3532 814 3629 prolis
834 3558 937 3625 gene·
