2384 4442
830 418 880 513 47

48 521 225 619 plerumque
245 513 424 612 fungihilis
444 531 519 603 est,
538 515 739 618 nullamque
759 517 933 595 ordinarie

47 620 242 696 affectionem
264 619 420 718 recipere
439 635 602 692 remetur.
633 621 738 717 Quod
755 621 798 708 si,
818 652 937 723 prose·

49 727 147 825 quitur
155 722 397 820 Barbeyracius
403 750 500 821 ,opus
518 723 589 820 jam
599 724 811 797 elaboratum
827 728 937 819 fuerit

47 858 80 906 ex
94 828 194 900 diena
211 826 374 915 materia,
405 854 485 923 erga
506 853 612 927 quam
635 829 799 927 antiquus
826 829 936 923 domi·

34 958 99 1021 ‚nus
114 930 318 1034 peculiarem
343 930 566 1005 affectionem
583 932 754 1019 hahebat,
785 949 888 1031 prout
906 932 936 1005 si

47 1035 80 1107 de
103 1036 221 1133 scypho
252 1032 395 1132 quaestio
413 1034 457 1105 sit
474 1062 495 1107 a
513 1034 678 1135 Principe
709 1035 864 1123 donato,
895 1064 937 1109 ex

48 1163 103 1239 quo
119 1139 197 1210 alter
216 1137 353 1209 lancem
365 1137 506 1226 fecerit,
525 1139 620 1236 prior
630 1140 793 1213 dominus
811 1138 936 1239 utique

46 1257 208 1313 contentus
221 1268 294 1311 esse
307 1239 410 1313 debet
421 1242 550 1339 scypho
563 1242 720 1339 ejusdem
730 1241 938 1342 pretii.Nam

49 1343 98 1415 etsi
115 1344 143 1416 ei
161 1344 300 1416 daretur
318 1344 392 1415 haec
422 1344 504 1416 lanx
523 1361 583 1416 aut
610 1373 653 1429 ex
678 1346 779 1418 lance
809 1345 939 1417 iterum

48 1448 173 1545 scyphus
199 1449 427 1534 formaretur,
456 1446 514 1520 hio
541 1462 658 1533 tamen
684 1450 835 1548 scyphus
861 1474 940 1522 non

48 1548 93 1621 ille
108 1552 214 1637 foret,
234 1576 341 1648 quem
359 1550 527 1649 Princeps
536 1551 734 1625 donaverat.
753 1552 862 1625 Plane
874 1551 939 1649 qui

49 1654 140 1725 eciem
157 1654 328 1752 scyphum
346 1680 418 1727 esse
437 1654 692 1741 alterius‚illius
710 1656 857 1728 formam
874 1654 938 1727 im·

47 1758 192 1844 mutauit,
211 1784 230 1829 a
252 1756 358 1854 priori
377 1754 519 1829 domino
538 1757 631 1853 adigi
647 1773 784 1857 potest,
801 1774 844 1828 ut
860 1784 937 1854 pre-

47 1858 119 1931 tium
153 1860 256 1932 etiarn
285 1858 479 1931 affectionis
508 1876 654 1958 praestet,
687 1859 771 1932 Dixi
798 1876 940 1947 tranen,

46 1960 120 2033 hanc
132 1961 349 2059 Barbeyracii
362 1961 556 2034 doctrinam
567 1963 773 2064 plerumque
783 1974 940 2049 tantum,

46 2090 104 2135 non
120 2092 252 2165 semper
276 2064 418 2137 omnino
437 2065 667 2166 adoptandam
685 2094 780 2154 esse,
810 2064 892 2164 quia
911 2065 941 2137 si

46 2170 173 2241 materiae
191 2168 356 2242 dominus
374 2167 468 2241 illam
485 2170 530 2241 ad
548 2170 641 2243 idem
668 2198 754 2269 opus
772 2169 941 2243 destinas·
1015 2246 1019 2268 Ι

46 2286 106 2358 set,
132 2273 222 2373 quod
251 2298 270 2342 a
296 2271 528 2370 specificatore
555 2274 743 2346 formatum
769 2289 845 2359 est,
871 2298 939 2343 neo

46 2371 131 2446 aliam
149 2374 307 2472 ejusdem
326 2375 485 2471 generis,
506 2393 540 2448 et
560 2376 697 2475 sequalis
715 2376 818 2474 pretii
834 2376 941 2446 hahe-

46 2502 76 2546 re
90 2468 210 2575 possit,
228 2505 322 2550 nova
338 2478 470 2578 species
493 2481 644 2551 materiae
669 2479 812 2550 domino
842 2478 941 2572 adju·

44 2578 174 2654 dicanda
190 2582 354 2669 videtur,
371 2610 418 2653 ne
449 2581 580 2653 seilicet
605 2582 665 2652 hic
692 2579 942 2651 rationabiliter

44 2681 158 2757 invitus
177 2684 333 2758 dominio
352 2685 391 2755 in
409 2684 587 2755 materiam
605 2682 783 2781 spolietur.
802 2680 895 2752 Hinc
914 2682 945 2751 si

43 2789 127 2859 navis
144 2817 163 2861 a
182 2789 278 2863 Titio
297 2790 387 2859 facta
405 2787 511 2858 fucrit
533 2814 575 2858 ex
594 2786 720 2858 tabulis
741 2782 845 2880 Caji,
882 2784 945 2882 qui

45 2891 148 2963 cased
165 2918 316 2978 navem,
336 2916 441 2989 quam
467 2890 570 2962 citius
598 2888 868 2973 construendam
885 2914 945 2985 pa·

44 3012 187 3082 raverat,
213 3012 249 3067 et
279 2995 352 3065 aliae
379 2991 503 3066 tahulae
535 2994 693 3092 ejusdem
721 2991 878 3088 generis,
909 3006 944 3063 et

45 3096 169 3193 equalis
195 3098 299 3196 pretii
324 3096 445 3169 haberi
471 3096 539 3169 cito
564 3095 818 3195 nonpossint,
848 3094 943 3167 navis

44 3223 107 3269 non
126 3201 210 3274 Titii
230 3202 317 3287 erit,
336 3200 397 3271 scd
418 3198 518 3296 Caji‚
538 3200 658 3273 solutis
677 3216 793 3271 tamen
811 3198 944 3298 impen-

41 3299 79 3371 sis
97 3319 130 3375 et
148 3305 261 3402 operis
279 3303 450 3375 mercede.
470 3302 547 3376 Nec
564 3303 845 3402 praetereundum
863 3326 945 3371 cen·

43 3430 93 3475 seo
108 3461 116 3492 ‚
134 3408 231 3506 quod
251 3406 390 3479 Hertius
408 3406 456 3481 ait
485 3406 522 3477 in
546 3408 638 3479 notis
664 3407 708 3479 ad
735 3401 946 3481 Puffendor-

41 3507 140 3597 hum,
159 3510 275 3582 verius
295 3538 389 3597 esse,
408 3510 551 3599 vinum,
571 3511 740 3596 farinam,
759 3506 819 3579 adt
831 3504 948 3576 oleum

44 3610 80 3681 ad
97 3613 404 3702 uvarum‚tritici‚
422 3630 483 3686 aut
502 3615 669 3687 olivarum
680 3610 861 3684 dominum
871 3635 947 3706 per-
