2384 4442
282 463 350 535 132

324 568 359 662 §.
381 566 465 663 370.
495 564 753 639 Mercenariam
780 591 884 661 porro
904 563 1128 649 servitutem,

222 696 330 770 quant
357 668 522 742 nonnulli
547 668 652 740 otiam
676 668 916 763 imperfectam
941 666 1132 763 appellant,
1180 757 1181 766 ἵ

220 771 435 844 naturalibus
454 771 575 843 officiis
605 798 678 843 non
696 770 892 858 adversari,
923 796 1050 839 omnes
1068 796 1132 840 uno

225 903 283 947 ore
303 875 475 945 fatentur:
499 890 549 945 ost
568 875 663 945 enim
680 900 797 951 merus
816 887 1064 945 contractusz«
1087 872 1137 943 Do

224 995 264 1050 ut
295 976 423 1063 facias,
444 993 477 1049 et
504 976 593 1049 facio
616 993 656 1048 ut
675 976 737 1047 des
757 1003 885 1062 o‚nec
905 974 1040 1045 famulo
1059 975 1140 1071 poli-

224 1082 328 1153 ticam
346 1080 464 1150 adimit
482 1078 684 1151 libertatem
703 1076 942 1149 Diversimode
960 1094 1084 1147 autern
1102 1078 1139 1147 de
1180 1101 1181 1104 ’

224 1182 477 1279 mancipiorum
506 1183 692 1267 servitute,
719 1209 796 1279 quae
831 1182 986 1278 perfecta
1015 1180 1141 1265 etiam,

226 1303 260 1357 ot
279 1284 426 1357 obnoxia
445 1286 515 1357 dici
532 1285 642 1371 solet,
660 1284 884 1355 sentiendum
903 1310 975 1354 osse
997 1300 1141 1354 conten-

227 1390 317 1461 dunt
341 1387 428 1460 Puss
412 1388 625 1476 sendorfiu8‚
647 1386 704 1459 De
706 1387 849 1472 -Fetici,
873 1385 1142 1484 Montesquieu,

226 1492 353 1591 aliique
372 1518 444 1562 non
463 1492 590 1589 pauci,
620 1517 708 1588 quos
736 1490 795 1561 hic
824 1488 1024 1560 brevissime
1044 1489 1142 1559 rosel

228 1596 298 1667 lore
318 1595 556 1682 intendimus,
575 1610 756 1665 monentes
775 1610 891 1663 tamen
910 1618 993 1661 oum
1007 1590 1143 1663 Seneca

225 1698 304 1769 Lib.
330 1724 358 1769 1.
370 1697 415 1769 de
439 1698 636 1769 Clementia
659 1695 750 1796 Cap.
768 1696 853 1768 stt:
873 1726 890 1762 ιι
910 1695 948 1764 in
968 1677 1181 1810 mancipiol

229 1800 452 1897 cogitandum
481 1826 555 1873 non
585 1814 756 1899 quantum
785 1796 911 1869 illud
901 1824 1047 1894 impune
1077 1798 1144 1895 pati

227 1903 360 2000 possit,
388 1904 448 1977 sed
469 1919 642 2002 quantum
660 1902 723 1973 tibi
741 1901 916 2018 permittat
935 1928 1036 2017 aequr
1017 1900 1142 1971 boni·

227 2034 314 2120 que·
326 2024 474 2092 natura,
504 2033 581 2106 qua
612 2032 753 2103 parcere
781 2004 884 2075 etiam
910 2003 1081 2100 captivis,
1111 2021 1141 2073 et

229 2107 338 2203 pretio
368 2109 492 2205 paratis
520 2110 683 2205 jubet».
711 2108 788 2181 Neo
818 2106 913 2178 enim
941 2106 1078 2177 domini
1096 2124 1181 2178 est

229 2208 297 2279 vita
315 2210 505 2307 mancipii,
534 2212 604 2281 imo
631 2238 699 2283 nec
727 2212 833 2306 hujus
863 2237 990 2307 corpus
1011 2228 1062 2281 est
1079 2213 1181 2281 sub

228 2311 320 2382 illius
351 2311 531 2399 dominio,
562 2313 629 2383 nisi
658 2331 699 2386 ut
726 2315 800 2411 ipso
827 2312 1117 2385 rationabiliter
1108 2342 1181 2385 111

229 2440 332 2487 suum
368 2416 590 2487 commodum
624 2433 773 2509 utatur3
781 2414 952 2533 ‘ideoque
983 2416 1181 2488 dominus

229 2518 443 2637 mancipium
462 2519 760 2606 occidens,vet1n
778 2519 892 2616 ipsum
910 2520 1070 2607 sarriens,
1089 2522 1139 2617 ju

232 2622 358 2694 stitiom
388 2622 509 2719 procul
545 2622 652 2693 dubio
692 2622 818 2693 violare
852 2621 1053 2695 censendus
1087 2640 1140 2694 est.

234 2725 326 2799 Hine
337 2725 578 2799 absurdissima
596 2741 647 2797 est
665 2724 807 2822 quaestio
818 2752 838 2795 a
849 2726 1013 2799 Juvenati
1023 2726 1100 2799 Sat.
1112 2726 1181 2806 6

235 2828 282 2901 V.
275 2857 379 2930 ..219
391 2844 530 2931 etseqq.
548 2828 643 2901 hisce
661 2828 772 2899 verbis
791 2854 971 2926 expressa·

274 3034 352 3089 Pone
373 3054 487 3091 crucem
505 3052 600 3089 servo·
616 3029 721 3087 meruit
740 3050 799 3105 qno
819 3032 937 3088 crimine
955 3054 1056 3091 servus

311 3108 513 3236 Supplicium?
527 3106 597 3177 Quis
612 3104 689 3163 testis
705 3104 799 3161 adest?
787 3108 878 3180 tquis
897 3108 1026 3164 detulit?
1040 3108 1127 3163 Audi:

383 3202 539 3257 nunquam
550 3182 585 3239 de
596 3196 688 3238 morte
701 3181 824 3238 hominis
835 3182 980 3239 cunctatio
996 3184 1067 3259 long
1050 3205 1084 3238 va
1098 3197 1141 3240 est.

312 3256 486 3312 Odemens!
507 3260 551 3312 Ita
566 3278 663 3315 servus
677 3256 765 3312 homo
780 3261 839 3313 ast?
858 3256 899 3313 nil
917 3259 1030 3316 fecerit:
1050 3272 1108 3315 esto
1180 3299 1181 3330 p

310 3329 357 3389 Sic
376 3330 465 3400 volo,
485 3353 523 3389 nc
536 3332 639 3407 jubeo:
658 3333 693 3390 sit
711 3354 765 3411 pro
785 3332 895 3390 ratione
912 3333 1047 3393 voluntas
1064 3339 1107 3406 (ι)
1180 3337 1181 3396 t
