2384 4442
273 398 317 476 15

215 504 309 577 rimae
320 404 513 588 ieritates,
536 526 614 599 quae
639 502 801 575 humana
825 502 966 573 rationis
986 521 1127 603 captum·

217 606 357 679 omnino
386 604 567 677 excedant.
587 602 684 699 Quid
703 620 820 677 autem
837 604 1024 702 prohibet,
1044 636 1123 705 quo·
1175 629 1176 686 t

215 708 331 781 minus
350 704 450 780 Deus
468 707 671 804 hujusmodi
688 708 903 795 veritates‚et
920 707 996 781 illas
1013 709 1126 796 etiam,
1175 695 1176 776 i

214 838 292 911 quae
322 827 406 883 sunt
423 808 496 883 solo
514 810 663 882 naturali
691 810 825 881 lumine
855 812 1127 906 cognoscibiles,

214 914 415 985 hominibus
426 912 643 985 manifestare
662 912 858 1009 dignetur?
878 914 953 986 Imo
965 915 1054 1013 quid
1064 942 1128 989 ma·

218 1017 268 1113 gis
296 1015 398 1088 decet
423 1016 576 1095 divinam
603 1016 795 1088 bonitatem
823 1017 1055 1091 essentialiter
1081 1020 1131 1090 sui

217 1119 446 1191 dissusivam?
472 1118 667 1218 Utriusque
691 1147 772 1215 ergo
792 1120 929 1214 generis
945 1122 1134 1193 veritatum

219 1222 336 1295 divina
354 1222 515 1295 revelatio
536 1238 587 1293 cst
605 1220 854 1320 proculdubio
871 1223 1061 1323 possibilis.

322 1326 358 1498 ἓ.
380 1326 414 1397 3.
426 1322 503 1399 Nee
522 1323 615 1395 dicat
633 1324 835 1397 Rousseau:
851 1326 909 1399 «E
926 1325 1134 1425 impossibile

217 1428 319 1501 ilcre
347 1454 403 1499 ere
422 1427 550 1523 misterj
578 1428 702 1525 (Emit.
716 1425 817 1500 Tem.
842 1453 876 1500 2.
894 1454 982 1528 pag.
1005 1431 1132 1528 322),

217 1529 289 1605 Dio
315 1556 395 1602 non·
415 1556 492 1628 puo.
515 1529 698 1617 rivelaroi,
728 1557 747 1600 e
775 1528 837 1601 noi
863 1556 937 1601 non
964 1532 1132 1627 possiamo

219 1632 387 1721 eredere,
416 1660 451 1705 se
479 1660 553 1705 non
581 1633 639 1705 oio
659 1634 724 1705 che
754 1638 773 1703 e
797 1632 998 1705 dimostrato
1030 1662 1133 1720 vero,
1175 1661 1176 1720 3

224 1737 235 1834 t
261 1734 428 1837 Epistola
465 1737 516 1808 ad
544 1733 666 1809 Archi
678 1738 925 1836 ·Episcopum
953 1738 1137 1810 Parisien-
1175 1741 1176 1784 3

219 1841 314 1937 sem)
332 1867 342 1933 3
366 1867 409 1911 ex
427 1866 497 1938 quo
517 1838 624 1912 insert
639 1840 650 1938 (
663 1840 769 1910 Emit.
783 1836 885 1910 Tom.
903 1866 932 1911 1.
959 1866 1135 1940 pag.179.
1175 1893 1176 1928 s

221 1942 324 2015 Tom.
349 1969 382 2015 2.
397 1968 484 2042 pag.
504 1944 588 2017 321.
611 1957 646 2015 et
662 1941 771 2040 alibi)
796 1968 923 2038 pueros
949 1960 1032 2014 ante
1062 1971 1137 2042 per·

221 2046 355 2117 sectum
373 2046 515 2117 rationis
535 2072 640 2119 usum
657 2060 779 2143 utpote
797 2045 978 2143 incapaces
998 2046 1141 2117 demon·
1175 2037 1176 2108 i

221 2148 427 2219 strutionum
445 2148 515 2218 vim
534 2148 755 2241 attingendi,
773 2147 871 2219 nulla
888 2146 983 2235 Dei,
1013 2151 1139 2219 suturae

222 2248 318 2335 vitae,
337 2274 376 2319 ac
395 2272 534 2319 morum
563 2248 650 2320 ideis
669 2276 744 2320 esse
763 2250 979 2323 imbuendos.
998 2252 1028 2323 ll
1046 2250 1137 2337 Dio,
1175 2297 1176 2302 κ

222 2351 286 2425 ohe
314 2350 444 2437 adoro,
471 2377 545 2422 non
574 2358 592 2424 e
621 2379 672 2423 un
702 2351 772 2425 Dio
797 2354 835 2425 di
861 2355 1032 2447 tenebre3
1064 2354 1137 2450 Egli

221 2480 296 2527 non
314 2454 363 2525 mi
387 2454 434 2525 ha
452 2452 568 2526 dotato
597 2454 889 2529 d'intendimento
907 2484 970 2556 per
996 2457 1137 2555 proibir·

222 2584 325 2630 mene
354 2557 467 2632 l'uso:
497 2556 522 2629 il
553 2558 678 2647 dumi,
704 2559 768 2630 che
798 2577 994 2631 sottometta
1013 2559 1047 2631 la
1075 2560 1137 2631 mia

223 2662 390 2758 ragione,
411 2668 430 2732 ὲ
449 2688 500 2733 un
520 2660 758 2758 oltraggiareil
776 2690 841 2735 suo
854 2662 989 2736 Autore
1013 2665 1137 2759 (Emit

225 2764 328 2837 Tom.
342 2768 376 2839 3.
388 2765 574 2866 pag.139.)
592 2796 600 2839 :
621 2764 775 2837 'crederei
801 2766 969 2862 piuttosto
989 2766 1055 2838 alla
1072 2793 1136 2837 ma·
1175 2791 1176 2832 3

225 2868 304 2963 gia,
324 2869 388 2939 che
407 2869 624 2939 riconoscere
644 2868 677 2938 la
695 2895 779 2939 voce
799 2869 836 2940 di
857 2867 927 2940 Dio
946 2869 1039 2965 negl'
1051 2870 1134 2940 inse-

225 2971 427 3065 gnamenti,
456 2970 520 3043 che
544 2998 629 3044 sono
657 2987 780 3042 contro
797 2970 831 3043 la
859 2972 1001 3067 ragione
1024 2974 1134 3072 (Epi-

225 3076 314 3143 scota
332 3098 422 3143 mox
443 3073 562 3146 Citata
576 3076 609 3171 )
628 3074 672 3145 In
698 3074 816 3172 primis
837 3075 930 3147 enim
956 3073 1134 3173 mysteria,

226 3200 303 3273 qua
322 3169 489 3247 divinitus
511 3177 659 3249 revelata
678 3204 752 3249 esse
778 3178 1046 3266 contendimus,
1069 3205 1139 3249 non

227 3293 309 3349 sunt
338 3280 678 3368 commeationem,
707 3277 863 3378 hoeest
887 3280 1015 3353 rationi
1043 3308 1137 3378 repu·
1175 3300 1176 3368 t

229 3379 390 3477 gnanus,
411 3378 471 3450 sed
483 3409 585 3479 supra
597 3384 791 3476 rationem„
810 3384 879 3457 hoc
899 3401 950 3456 est
961 3384 1135 3456 limitatum

228 3484 388 3579 humanae
423 3484 565 3557 rationis
595 3504 741 3586 captum.
765 3488 976 3561 excedentia.
1008 3486 1139 3560 Deinde.
1175 3489 1176 3564 t
