2384 4442
863 470 937 562 79,

70 563 133 619 stet.
151 544 245 619 Patet
268 572 348 641 ergo
365 600 374 631 ,
394 544 633 643 fidejussorem
650 546 693 619 ad
719 546 809 619 nibil
826 564 962 636 tenen,

68 650 190 748 quando
214 648 413 747 principalis
437 648 572 721 debitor
596 651 666 721 suis
693 651 960 747 obligationibus

68 768 207 825 accurate
226 752 398 825 satisfacit.
418 752 501 825 Non
523 780 601 825 raro
621 768 742 825 eutem
763 753 879 851 plures
897 781 961 852 pro

68 855 169 927 eadem
187 855 405 953 stipulatione
433 872 516 927 sunt
540 856 787 953 fidejussores3
815 874 849 927 et
875 874 963 929 tunc

66 974 170 1054 praeter
195 958 373 1031 laudatum
401 975 622 1031 contractum
650 985 735 1031 cum
761 959 963 1048 creditore,

63 1060 154 1133 alium
171 1062 261 1133 inter
281 1090 315 1133 se
336 1062 424 1133 inire
445 1078 617 1161 possunt,
636 1089 707 1161 quo
727 1062 962 1150 conveniant,

65 1180 166 1235 utrum
183 1193 244 1262 pro
267 1164 388 1263 aequali
406 1182 479 1237 rata
494 1180 682 1237 teneantur
701 1164 885 1262 principali
904 1165 965 1237 de·

63 1265 155 1337 hitore
177 1295 248 1339 non
269 1268 437 1355 solvente,
455 1294 500 1339 an
512 1296 593 1340 vero
608 1267 738 1363 singuli
747 1268 786 1338 in
797 1267 963 1356 solidum,

64 1366 101 1438 ita
116 1385 152 1441 ut
173 1370 201 1441 si
225 1397 319 1443 unus
338 1399 358 1441 a
378 1370 547 1443 creditore
568 1371 612 1443 ad
630 1372 802 1466 integram
820 1370 961 1443 solutio-

64 1497 131 1541 nem
148 1489 314 1568 cogatur,
333 1472 397 1545 iste
421 1474 477 1570 jus
496 1474 621 1545 babeat
640 1488 762 1547 contra
786 1472 870 1545 alios
893 1473 964 1546 sin·

63 1572 144 1666 gulos
162 1576 336 1647 actionem
355 1576 585 1666 instituendi,
612 1592 653 1648 ut
671 1576 725 1649 vel
743 1593 877 1673 partem
895 1577 973 1649 sibi

61 1674 170 1749 viritim
188 1678 408 1775 rependant,
428 1680 482 1753 vel
500 1680 538 1751 in
565 1678 716 1751 solidum
734 1680 777 1751 ad
801 1706 960 1751 normam

60 1781 188 1852 secundi
215 1798 426 1855 contractus.
455 1779 617 1855 Creditor
641 1799 758 1853 autem
779 1808 900 1854 omnes
922 1782 962 1855 in

59 1880 190 1955 solidum
209 1884 376 1980 obligatos
396 1885 557 1983 respicit,
576 1884 645 1957 nisi
656 1884 755 1956 aliter
769 1884 808 1956 in
824 1901 962 1957 contra-

60 2000 109 2054 ctu
133 2013 249 2057 secum
270 1988 357 2059 inito
380 2015 537 2085 expresse
563 2004 706 2059 cautum
728 1988 860 2075 suerit,
879 1987 976 2086 quia·

58 2085 214 2181 pluralitas
234 2090 481 2187 fidejussorum
496 2090 533 2163 in
551 2091 720 2186 majorem
737 2090 959 2163 securitatem

59 2190 219 2265 creditoris
245 2194 289 2265 ab
313 2194 383 2265 -hoo
410 2193 630 2292 postulatur,
649 2222 727 2291 quae
746 2221 828 2265 saue
847 2194 959 2289 major

57 2294 203 2369 securitas
222 2323 299 2369 non
317 2296 502 2368 haberetur
513 2352 522 2385 ,
533 2296 564 2368 si
581 2297 824 2395 unusquisque
835 2297 961 2369 solum

57 2406 106 2486 pro
124 2414 192 2469 rata
208 2414 399 2472 teneretur.
419 2398 582 2497 Denique
603 2399 631 2470 si
651 2398 763 2470 soluto
782 2427 802 2469 a
819 2399 959 2495 fidejus-

57 2519 119 2569 sore
138 2499 278 2589 debito,
297 2501 496 2599 principalis
513 2502 648 2572 debitor
658 2501 748 2596 potis
760 2500 888 2571 deinde
901 2503 961 2573 fiat

58 2597 93 2667 ad
111 2601 335 2692 solvendum,
356 2621 477 2676 contra
498 2604 595 2675 hunc
620 2602 744 2674 eodem
766 2603 868 2675 titulo
890 2604 961 2699 agit

56 2698 245 2800 fidejussor,
267 2735 338 2807 quo
359 2707 518 2802 creditor.

144 2811 178 2904 §-
200 2811 286 2883 321.
306 2810 484 2883 Hactenus
504 2807 597 2880 dicta
614 2806 734 2879 locum
751 2807 904 2896 habent,
931 2810 961 2879 si

54 2907 119 3001 quis
145 2913 245 3007 gratis
278 2911 409 3011 aliquid
435 2928 594 3010 praestare
620 2966 629 2997 ,
660 2928 720 2982 aut
750 2910 832 2983 dare
862 2911 962 2984 alteri

54 3010 123 3081 velit
135 3068 143 3099 ,
155 3031 189 3085 et
207 3016 326 3113 possit.
349 3015 388 3087 Si
407 3016 484 3113 quis
504 3042 585 3086 vero
606 3030 666 3086 aut
684 3011 773 3085 nolit
787 3032 866 3101 ,aut
884 3044 959 3089 non

54 3114 165 3205 possit,
195 3118 354 3191 naturale
375 3118 530 3191 officinm
560 3145 614 3188 res
634 3133 668 3188 et
687 3146 806 3215 operas
833 3136 958 3193 mutuo

54 3221 324 3294 communicandi
354 3220 477 3320 procul
506 3220 613 3292 dubio
640 3220 759 3320 implet
778 3249 868 3295 onus
894 3224 957 3295 im·

51 3322 201 3410 ponendo
221 3351 296 3395 rem
315 3340 375 3396 aut
406 3351 544 3422 operam
563 3352 662 3396 suam
683 3326 896 3423 postulanti,
915 3342 957 3396 ut

52 3418 108 3491 sihi
135 3426 285 3498 vicissim
311 3454 386 3499 rem
413 3445 473 3499 aut
503 3454 642 3525 operam
678 3445 833 3526 praestet.
865 3428 958 3499 Hinc

52 3546 143 3617 porro
161 3532 368 3627 permutatio
389 3530 570 3603 exordium
588 3532 736 3621 babuit,
758 3548 959 3609 contractus
983 3545 985 3554 ’
