2384 4442
39 572 168 641 sortasse
187 567 297 666 majus
318 594 359 639 ex
378 564 435 639 1lla
451 622 460 655 ‚
487 593 564 666 quae
584 565 728 639 civiliter
747 492 935 640 soecuirdis·

37 670 110 743 sima
127 688 175 743 est
193 699 255 768 per
283 670 488 743 commercia
519 697 715 768 comparare
737 670 935 767 potuissem.

126 776 158 870 3.
181 776 263 875 317.
286 774 448 871 Speciosa
466 774 539 846 haeo
559 774 783 845 deliramenta
803 774 937 847 nullam

41 904 165 975 prorsus
191 878 261 949 vim
288 878 418 949 habent
444 904 486 948 cx
506 905 546 949 eo
574 876 669 974 quod
693 876 745 947 rei
772 894 938 949 mutuatae

38 979 217 1051 dominium
235 996 275 1053 ut
293 980 440 1053 vidimus
460 981 515 1078 (3.
527 981 612 1053 306.
627 982 636 1073 j
656 979 690 1051 vi
705 979 935 1051 mutuiamu·

41 1100 146 1155 tuante
158 1100 308 1155 transeat
322 1084 359 1154 in
377 1084 636 1155 mutuatarium.
650 1082 702 1155 Er
713 1084 780 1155 hoo
793 1083 888 1154 enim
898 1110 940 1156 cx

41 1214 99 1257 una
119 1204 212 1284 parte
237 1188 419 1285 sequitur,
444 1187 538 1285 quod
561 1186 792 1259 mutuatarius
817 1202 938 1284 utpote

41 1289 83 1359 rei
98 1305 258 1361 mutuatae
278 1291 440 1361 dominus
457 1290 614 1388 ejusdem
633 1289 938 1378 commoditatem,

42 1408 129 1490 atque
147 1393 332 1465 utilitatem
350 1394 538 1491 percipiat,
557 1393 730 1492 simulque
748 1393 804 1491 jus
823 1393 940 1492 acqui·

43 1512 85 1565 rat
100 1496 153 1567 illa
168 1497 308 1583 utendi,
319 1522 400 1568 cum
411 1524 515 1569 onere
535 1496 629 1569 illam
640 1497 754 1596 specie
770 1496 942 1569 reddendi

42 1614 105 1694 post
123 1616 257 1671 certum
276 1616 434 1697 tempus,
455 1616 489 1671 et
509 1628 550 1673 ex
572 1601 639 1673 alia
656 1600 753 1699 quod
774 1616 939 1672 mutuans

41 1726 101 1771 non
117 1703 261 1799 amplius
280 1702 332 1774 rei
350 1719 514 1776 mutuatae
534 1704 695 1777 dominus
707 1730 867 1775 nonrem
881 1704 942 1775 ha·

41 1803 117 1891 beat,
128 1806 186 1876 sed
198 1806 307 1877 solam
325 1806 505 1879 actionem
527 1807 569 1879 In
589 1807 806 1878 commodato
825 1823 943 1878 autem

42 1922 68 1976 et
83 1906 186 1980 locato
205 1909 258 1980 rei
278 1908 473 1981 dominium
491 1936 565 1983 non
583 1912 816 1999 transfertur,
843 1909 939 1981 unde

42 2012 231 2109 comparatio
256 2013 300 2083 ab
325 2012 524 2084 adversariis
543 2030 666 2111 quarto
686 2012 792 2085 loco
783 2013 942 2091 instituta

43 2138 103 2183 non
119 2115 214 2189 valet.
234 2115 381 2189 Montes
406 2132 523 2187 autem
541 2117 676 2216 pietatis
694 2117 788 2189 licite
808 2115 940 2215 aliquid

45 2215 119 2288 ultra
142 2236 271 2291 sortem
293 2219 437 2315 exigunt
462 2246 536 2293 non
562 2221 596 2293 vi
622 2220 769 2309 mutui,
793 2220 853 2291 sed
879 2246 943 2337 pro

45 2320 183 2393 mercede
211 2322 452 2401 ministrorum
478 2322 621 2422 aliisque
652 2324 853 2396 necessariis
881 2322 943 2393 im-

45 2423 151 2517 pensis.
170 2424 332 2499 Tandem
350 2452 432 2501 cum
450 2426 488 2497 in
504 2427 626 2523 quovis
645 2444 828 2500 contractu
846 2425 942 2496 licito

47 2526 200 2623 equalitas
229 2528 375 2601 omnino
403 2531 528 2600 servari
559 2529 713 2615 debeat,
742 2529 771 2599 is
790 2528 853 2626 qui
870 2555 947 2624 par·

47 2628 139 2727 ticeps
167 2632 242 2703 vult
275 2659 346 2703 esse
373 2631 489 2719 lucri,
517 2631 688 2728 particeps
715 2632 818 2701 etiam
844 2630 949 2699 debet

48 2756 106 2803 esse
117 2734 283 2851 periculi..
307 2734 355 2807 At
373 2750 549 2806 mutuator
567 2733 601 2806 vi
624 2733 755 2819 mutui,
757 2731 947 2803 dummodo

49 2835 208 2909 cautiones
228 2838 343 2932 exigat
362 2836 696 2935 opportunas,nullo
715 2834 872 2930 subjacet
890 2862 949 2931 pe-

49 2935 143 3011 riculo
166 2942 266 3014 sortis
291 2940 488 3013 amittendae
517 2966 623 3039 quam
649 2940 688 3010 in
717 2964 798 3010 casu
827 2938 949 3036 quovis

50 3045 262 3117 mutuatarius
290 3044 471 3115 restituere
501 3060 651 3115 tenetur.
679 3042 756 3116 Neo
788 3068 869 3137 ergo
896 3042 950 3112 lu-

51 3162 136 3215 crum
153 3165 346 3246 utcumque
370 3146 548 3219 modicum
571 3162 683 3245 potest
699 3145 794 3221 licite
812 3162 950 3217 mutua-

51 3259 96 3315 tor
111 3250 313 3348 participare
338 3279 380 3325 ex
398 3267 521 3323 mutuo
541 3250 574 3320 vi
592 3250 734 3335 mutui,
757 3248 817 3320 sed
838 3248 951 3319 solum

52 3374 86 3417 ex
102 3350 197 3425 titulo
218 3354 337 3425 damni
358 3354 582 3449 emergentis,
599 3368 660 3426 aut
677 3352 768 3425 lucri
786 3350 950 3424 cessantis

53 3474 123 3523 cnm
141 3457 398 3556 conditionibps
409 3455 569 3528 indicatis
585 3456 595 3553 (
610 3459 646 3553 3.
658 3458 731 3529 308
747 3458 771 3554 )
784 3454 855 3527 Sed
866 3470 951 3523 tem-

53 3576 107 3646 pus
124 3556 192 3651 jam
217 3576 269 3633 est
287 3560 370 3633 alios
395 3560 559 3657 gratuitos
584 3575 782 3633 contractus
809 3580 952 3629 enume-

57 3658 152 3733 randi.

691 3762 748 3856 41³
