2384 4442
1180 57 1181 76 t

1180 85 1182 106 l

299 418 367 489 128
1180 411 1181 464 Ῑ

236 550 313 619 cup.
339 548 396 619 29·
412 554 426 589 u
451 520 634 619 Quidquid
654 537 718 606 est,
742 518 835 617 quod
856 518 915 589 dat
940 520 1031 617 patri
1062 520 1145 593 lilius

236 626 357 721 utique
387 625 503 695 minus
535 642 607 710 est,
637 624 719 723 quia
748 624 839 693 hanc
869 622 980 719 ipsam
1010 624 1146 693 faculta-
1180 629 1181 702 ζ

235 743 307 797 tem
337 727 426 823 patri
453 727 564 799 debet.
593 728 644 799 lta
670 751 854 823 nunquam
882 725 1060 796 beneficio
1081 727 1143 821 ejus
1180 729 1181 734 ’

238 829 391 901 vincitur
423 830 476 927 (ι.
497 848 532 901 et
554 831 610 926 2.)
630 860 665 900 u,

312 1009 347 1074 (r)
367 1006 446 1060 Inter
465 1025 511 1061 eos
532 1004 583 1077 qui
602 1001 761 1060 incivitate
782 1002 901 1077 degunt,
915 1002 1084 1077 contingere
1102 1025 1148 1077 po·

235 1090 304 1147 test,
320 1078 400 1155 quod
417 1091 499 1155 pater
514 1078 573 1134 filio
589 1099 645 1155 pro
669 1090 712 1133 ter
730 1076 879 1153 publicum
899 1076 1028 1131 officium
1050 1077 1149 1133 debeat

234 1154 419 1211 reverentiam
444 1154 600 1223 exhibere,
620 1099 696 1209 salva
715 1152 802 1227 patris
817 1150 893 1207 inter
907 1151 1037 1226 privatos
1058 1173 1148 1229 respe-

234 1240 296 1285 ctus
315 1228 509 1305 praerogativa.
532 1228 578 1287 Sic
594 1228 698 1283 Fabius
717 1228 776 1302 ipse
792 1227 952 1282 Cunctator
966 1225 1019 1280 filii
1040 1228 1149 1283 Consu·

233 1302 267 1359 lis
283 1304 389 1363 lactum
410 1303 562 1379 probavit,
581 1303 663 1377 quod
677 1302 771 1377 ipsum
788 1301 840 1355 sibi
860 1301 979 1356 obvium
1003 1320 1081 1377 equo
1110 1304 1151 1359 de·
1180 1315 1181 1320 ’

236 1378 370 1435 accudere
385 1378 523 1453 jussisset,
540 1378 658 1435 testibus
674 1377 768 1433 Gellio
782 1378 844 1433 Lib..
857 1394 879 1429 a.
893 1379 964 1449 Cap.
982 1394 1006 1430 2.
1024 1388 1057 1431 et
1071 1378 1152 1434 Vale-

236 1453 280 1509 rio
296 1454 420 1509 Maximo
442 1454 503 1508 Ltt.
523 1472 547 1508 α.
567 1456 640 1527 Cap·
659 1472 683 1508 2.
699 1509 704 1519 ,

310 1520 346 1601 (a)
364 1530 505 1603 Perpetua
518 1528 674 1584 liberorum
688 1525 823 1601 obligatio
837 1524 985 1582 reverendi
999 1542 1149 1600 parentes,

233 1601 323 1677 iisque
344 1602 538 1678 indigentibus
560 1623 646 1679 opem
666 1602 776 1658 ferendi
797 1622 833 1656 ex
863 1600 1048 1677 generatione
1070 1602 1150 1657 simul

235 1690 263 1735 et
286 1678 425 1734 laboriosa
442 1678 611 1737 educatione
626 1677 769 1753 provenit.
785 1676 823 1731 At
839 1678 931 1731 oritur
944 1696 982 1729 ne
996 1678 1107 1751 magis,
1122 1692 1151 1733 ut
1180 1667 1181 1732 l

233 1752 366 1808 nonnulli
386 1753 557 1829 opinantur,
577 1774 613 1808 ex
632 1766 697 1808 actu
717 1751 906 1827 generationis
927 1770 1087 1824 perquem
1107 1773 1152 1827 pa·

234 1841 328 1885 rentes
344 1830 557 1903 quodammodo
575 1830 669 1884 Deum
685 1830 833 1894 referunt,
852 1839 880 1881 et
896 1824 982 1881 vitam
999 1823 1066 1881 filiis
1083 1827 1150 1882 daut
1180 1843 1181 1848 ’

233 1902 343 1959 bonum
363 1904 462 1978 utique
483 1902 744 1979 praestantissirnmn
760 1944 768 1968 ,
784 1915 812 1957 ct
832 1912 1001 1955 ceterorum
1022 1903 1151 1957 omnium
1180 1945 1181 1948 ,

234 1979 432 2044 occasionem,
457 1999 490 2033 an
509 1979 604 2053 potius
622 1998 658 2033 ex
675 1976 753 2032 fideli
768 1989 796 2031 et
811 1975 951 2030 laboriosa
966 1974 1151 2031 educatione?
1180 2013 1181 2032 i

236 2078 250 2107 c
262 2052 362 2118 Nobis,
374 2052 412 2107 ait
423 2054 634 2109 Puft'endorsrus
644 2054 784 2109 JunNot.
797 2062 825 2106 et
839 2055 919 2105 Gent.
933 2050 997 2104 tib.
1007 2051 1034 2105 6.
1050 2052 1149 2123 Cape.
1180 2069 1181 2072 ’

230 2146 262 2199 p.
282 2144 322 2179 12.
350 2125 444 2182 verius
462 2127 623 2201 judicatur,
640 2129 684 2201 jus
706 2124 885 2200 obligationis
905 2146 941 2179 cx
957 2123 1150 2190 educatione,
1180 2177 1181 2182 ,

233 2219 321 2273 quam
333 2220 369 2255 ex
383 2198 460 2255 nuda
475 2202 657 2285 generatione
673 2200 836 2257 resultare».
855 2198 940 2253 Unde
954 2198 1150 2272 Quintilianus
1180 2239 1181 2264 1

233 2276 359 2329 Declam.
389 2273 450 2329 285.
478 2289 515 2331 ita
537 2276 651 2331 Patrem
670 2276 816 2351 quendam
836 2275 1005 2349 loquentem
1018 2273 1149 2330 inducit:

236 2375 249 2401 u
264 2348 401 2422 Nonjmn
414 2348 524 2424 imputo
542 2349 589 2405 illa
606 2350 749 2425 vulgaria,
767 2350 860 2407 lucem
874 2392 881 2416 ‚
896 2351 941 2421 jus
954 2347 1110 2417 libertatis,
1125 2363 1151 2405 et

235 2443 318 2495 nsum
334 2424 398 2479 vitae
414 2446 419 2475 ε
436 2424 492 2481 hoe
509 2426 621 2501 imputo
659 2426 715 2481 uod
730 2424 841 2484 fortiter
855 2422 950 2481 fecisti.
967 2422 1090 2481 Animus
1102 2426 1152 2480 iste

235 2498 272 2554 ad
286 2500 527 2555 contemnendum
544 2447 706 2576 perictilum
721 2514 837 2577 paratus
852 2522 888 2557 ex
905 2518 967 2554 meo
982 2498 1076 2555 fluxit.
1090 2502 1151 2575 Ego
1180 2535 1181 2538 =

237 2588 264 2631 te
281 2573 331 2629 diu
347 2577 494 2653 praeceptis
510 2578 562 2633 feci
576 2576 671 2633 virum
684 2578 798 2643 sortem,
813 2577 943 2651 proxime
957 2573 1043 2628 etiam
1060 2595 1153 2631 exem-
1180 2573 1181 2620 l

234 2649 286 2725 plo
304 2674 325 2705 a.
343 2652 379 2706 Et
398 2672 495 2709 revera
515 2664 648 2727 parentes
666 2650 736 2707 dum
752 2652 885 2727 copulam
907 2661 1058 2718 exercent,
1080 2658 1151 2725 ste-pe
1180 2689 1181 2696 κ

237 2744 296 2780 non
316 2724 404 2801 prolis
425 2726 653 2803 generationem,
675 2727 725 2783 sed
744 2726 892 2802 propriam
911 2722 1152 2790 delectationem,
1180 2793 1181 2798 Ἰ

235 2799 282 2857 rel
295 2800 396 2869 unice,
413 2800 459 2859 vel
474 2802 594 2857 maxime
614 2802 776 2858 intendunt
798 2802 865 2869 Quo
885 2812 994 2875 spectat
1008 2798 1058 2855 lex
1071 2798 1153 2855 Solo·
1180 2813 1181 2834 ³

236 2874 280 2929 nis
296 2876 375 2949 apud
390 2876 595 2942 Plutarchum,
612 2897 670 2949 qua
685 2876 722 2931 ad
742 2876 859 2933 alendos
877 2887 1009 2951 parentes
1029 2893 1091 2931 non
1104 2874 1152 2928 ad·
1180 2867 1181 2920 l

238 2948 451 3021 stringebantur
469 2972 504 3007 ex
526 2951 718 3007 meretricibus
733 2952 881 3028 procreati
901 2978 915 3003 «
930 2949 989 3019 Qui
1003 2949 1080 3005 enim
1099 2969 1152 3003 ou·
1180 2937 1181 3022 l

236 3022 362 3096 ptiarum
377 3022 462 3081 decus
473 3026 611 3102 preterit,
619 3027 784 3101 profitetur,
795 3049 823 3082 se
837 3047 897 3082 non
910 3025 1071 3081 liberorum
1086 3044 1152 3081 oau-
1180 3039 1181 3064 ³

236 3116 264 3149 sa
279 3136 287 3161 ,
304 3096 353 3151 sed
370 3098 523 3175 voluptatis
542 3102 693 3159 adsciscere
711 3102 860 3159 mulierem
878 3101 1025 3173 habetque
1047 3119 1152 3155 merce-
1180 3117 1181 3172 ᾗ

237 3169 303 3256 dem
318 3191 412 3239 suam,
430 3196 482 3233 nec
495 3178 592 3235 locum
608 3178 660 3233 sibi
681 3178 817 3253 relinquit
830 3175 970 3251 querendi
986 3174 1021 3230 de
1038 3174 1151 3251 genitis,
1180 3181 1181 3184 ’

238 3245 341 3321 quibus
362 3248 453 3321 ipsam
466 3251 590 3307 reddidit
608 3253 776 3329 probrosam
794 3251 970 3309 nativitatem
987 3274 1009 3303 ν.

311 3320 541 3382 HincJuvenalis
557 3330 655 3403 Satyr.
672 3329 712 3399 td.
1013 3343 1018 3354 ¹

347 3397 471 3453 Gratum
484 3414 541 3469 est,
555 3404 637 3476 quod
649 3405 748 3479 patriae
761 3402 851 3461 civem
865 3401 1037 3479 populoque
1049 3398 1148 3456 dedisti
1180 3461 1181 3470 ,

350 3472 381 3528 Si
395 3472 475 3539 facis,
491 3487 522 3530 ut
536 3476 636 3549 patriae
652 3478 686 3534 sit
701 3479 835 3545 idoneus,
850 3478 924 3534 utilis
940 3480 1013 3552 agris
1028 3516 1036 3544 ‚

349 3549 431 3607 Utilis
447 3564 474 3608 et
489 3550 646 3619 bellorum,
667 3568 694 3611 et
712 3553 789 3629 pacis
808 3554 891 3611 rebus
910 3552 1035 3629 agendis.
