2384 4442
822 415 892 489 123

52 515 142 613 gradu
168 514 266 587 lineae
285 530 509 605 transversa,
538 540 664 617 nempe
693 518 785 592 inter
803 519 949 593 fratrem

50 637 76 690 et
93 644 258 705 sororem,
278 618 347 690 imo
367 620 440 691 illas
458 620 496 691 in
516 648 597 693 casu
617 639 775 693 extremar
794 622 946 694 necessi·

49 723 112 793 tatis
134 716 287 819 (quoties
304 722 471 793 nimirum
484 722 554 793 alia
573 723 628 795 via
653 750 726 795 non
745 724 833 795 adsit
860 729 947 797 con·⁴

47 824 208 910 servandi,
228 839 262 894 ct
291 824 502 921 propagandi
522 853 631 921 genus
653 827 870 922 humanum)
904 828 945 897 li-

48 927 115 997 citas
141 941 173 1000 et
202 928 404 998 naturaliter
429 925 556 999 validas
584 956 626 999 ex
655 956 696 1000 eo
726 928 825 1000 fateri
852 929 943 1024 cogi·

45 1055 131 1117 nur,
150 1030 243 1127 quod
262 1030 462 1126 hujusmodi
486 1032 618 1128 nuptiis
637 1030 797 1128 primitus
822 1030 944 1101 huma·

46 1158 81 1200 na
98 1132 221 1232 species
240 1150 426 1229 propagata.
445 1133 522 1206 fnit.
543 1132 593 1205 At
612 1161 694 1207 casu
720 1132 779 1205 illo
800 1150 944 1231 excepto

46 1232 110 1305 istas
128 1262 267 1333 quoquc
287 1236 392 1307 foedas
413 1264 484 1307 esse
502 1298 511 1329 ‚
530 1263 569 1309 ac
595 1236 799 1309 naturaliter
824 1236 945 1308 invali-

48 1335 95 1405 das
113 1338 208 1409 facile
236 1338 428 1434 colligitur:
458 1366 485 1413 r.
502 1367 565 1427 ,ex
584 1340 739 1440 eoquod
765 1338 823 1411 hic
843 1338 946 1411 etiam

45 1464 105 1512 non
129 1439 209 1513 levis
239 1459 326 1513 esset
352 1442 516 1513 naturalis
547 1443 678 1515 ordinis
707 1442 947 1540 perturbatio:

45 1540 123 1612 idem
139 1570 288 1641 namque
309 1543 411 1615 simul
429 1548 517 1616 foret
536 1546 678 1619 filiusae
698 1572 827 1643 nepos:
847 1570 944 1616 amor

44 1661 142 1715 autern
159 1646 220 1717 filii
242 1647 345 1718 estin
367 1647 432 1718 alio
463 1647 584 1720 ordine
605 1675 644 1719 ae
667 1675 762 1720 amor
780 1648 940 1745 nepotis;

46 1771 88 1831 2.,
116 1775 154 1819 ex
184 1778 225 1821 eo
255 1750 349 1850 quod
380 1750 443 1821 sub
464 1776 522 1847 spe
550 1750 760 1823 matrimonii
789 1751 945 1827 intanta

42 1845 177 1923 libertate
207 1908 216 1939 ‚
257 1868 386 1951 quanta
424 1854 487 1923 sub
526 1880 599 1924 uno
643 1870 735 1925 tecto
773 1855 942 1924 fruuntur

44 1950 147 2024 iratres
178 1970 212 2027 et
246 1982 400 2048 sorem,
419 1980 604 2055 nunquam
628 1955 817 2031 incestibus
844 1957 945 2027 fieret

44 2053 116 2126 satis.
131 2057 180 2153 (ι)

103 2216 137 2283 (ι)
151 2212 293 2270 Nonnulli
317 2213 428 2271 Hebraei
446 2228 592 2283 asserunt,
620 2217 712 2275 Evam
734 2215 835 2292 quovis
855 2230 941 2293 partu

45 2302 137 2343 marem
154 2302 182 2345 et
202 2288 347 2347 soeminam
371 2290 507 2348 edidisse:
527 2304 643 2348 cautum
665 2307 761 2351 autem
780 2292 862 2347 fuisse
878 2334 887 2362 ,
905 2312 942 2347 ns

40 2361 133 2433 gemelli
151 2364 228 2421 inter
248 2384 276 2421 se
298 2366 509 2421 matrimonium
534 2368 743 2425 contraherent.
769 2368 808 2424 At
827 2367 858 2421 in
879 2369 939 2443 pri·

41 2436 82 2490 inis
98 2436 150 2495 hoc
165 2438 253 2515 gratis
269 2440 406 2497 asseritur.
425 2440 537 2497 Deinde
559 2440 688 2516 quamvis
703 2443 759 2498 hoc
781 2461 881 2497 verum
901 2445 943 2496 soa

41 2522 93 2594 ret,
120 2530 229 2591 semper
251 2528 344 2601 tamen
364 2516 463 2572 fratres
483 2526 511 2585 et
531 2536 641 2571 sorores
661 2516 736 2571 inter
750 2536 779 2571 se
797 2517 942 2572 matrimo-

43 2602 109 2643 fflum
127 2602 342 2647 contraxissent.

127 2769 268 2869 5359.
290 2770 415 2867 Quoad
444 2768 527 2841 alios
552 2768 704 2866 denique
735 2767 941 2863 consangui-

38 2868 160 2962 nitatis,
180 2892 214 2947 et
233 2874 409 2947 affinitatis
430 2872 553 2969 gradus
580 2872 669 2943 nihil
687 2870 824 2944 ridetur
853 2898 944 2967 prae·⁴

37 2974 193 3072 scripsisse
212 2992 363 3063 natura,
392 2977 545 3076 quamvis
575 2975 697 3075 aliquae
723 2974 873 3046 rationes
899 2963 938 3058 in

35 3097 182 3178 promptu
204 3081 296 3167 sint,
322 3108 398 3179 quae
417 3078 585 3166 suadent,
606 3078 869 3151 convenientius
889 3106 941 3150 es·

36 3203 83 3266 se,
101 3199 139 3253 ut
157 3184 251 3255 intra
278 3200 389 3257 certos
420 3183 543 3277 gradus
570 3209 644 3254 non
663 3182 827 3253 ineantur
853 3208 937 3253 con-

34 3279 124 3379 jugia.
144 3286 264 3359 Prima
275 3304 348 3374 est,
369 3284 463 3384 quod
474 3312 536 3382 per
548 3302 795 3369 extraneorum
805 3312 940 3357 connu-

34 3382 81 3455 bia
98 3388 283 3483 hominurn
301 3407 472 3485 augentur
495 3387 674 3475 amicitiae,
702 3405 737 3459 et
754 3387 860 3483 magis
884 3386 938 3455 in·

31 3500 78 3559 ter
95 3518 129 3563 se
148 3484 502 3588 jun'guntursamiliae
519 3520 528 3583 3
549 3492 702 3565 secunda
719 3517 800 3567 vero
816 3545 826 3577 ‚
845 3486 940 3588 quod

684 3592 736 3664 688
