2384 4442
286 460 325 511 11

229 438 503 599 onrnerlitoschtm
527 540 675 618 stringere.
693 536 828 595 Adebant
845 537 899 613 qni
917 579 926 606 ‚
944 536 1036 593 uxori
1050 556 1147 613 super·
1186 536 1188 611 l

227 625 281 667 stes
300 615 412 689 prolem
432 617 582 693 utriusque
603 636 705 682 sexus,
723 616 843 687 ejusque
863 613 967 688 integri
984 619 1073 683 (nam
1092 634 1149 688 spa·
1186 618 1188 693 l

227 688 277 757 do,
297 702 347 745 aut
367 690 425 745 lilia
444 692 528 767 plane
548 692 649 750 sterilis
668 688 757 765 prolis
776 688 869 745 vicem
886 689 935 744 bic
953 708 1017 741 non
1040 688 1148 745 obtine·
1186 704 1188 709 '

224 764 296 833 bet)
321 784 383 821 non
405 765 544 835 haberet,
562 778 708 843 precepto
731 763 779 819 isti
801 784 862 819 non
881 762 1055 820 satisfecisse.
1079 766 1149 819 Eum
1186 770 1188 833 g

227 853 344 907 nutem,
363 843 445 915 cujus
465 841 539 899 filius
563 852 593 899 et
616 841 675 897 fitis
698 841 807 898 mortui
828 840 1030 914 relinquerent
1047 838 1150 896 liberos
1186 850 1188 901 t

226 914 377 991 utriusque
396 936 500 984 sexus,
520 930 664 991 praecepto
683 914 808 971 liberum
820 915 920 979 fuisse,
937 914 1072 969 filiorum
1086 914 1151 969 lilia·
1186 904 1188 993 i

227 1008 351 1065 rumque
369 988 465 1047 locum
485 992 638 1067 nepotibus
657 1003 687 1047 ct
703 990 842 1065 neptibus
860 988 1079 1064 supplentibus.
1097 990 1152 1045 Ali·
1186 994 1188 1027 l

227 1078 272 1122 ter
291 1086 403 1141 seraper
420 1078 500 1123 etate
519 1086 580 1123 non
599 1066 684 1123 effeta
701 1066 817 1133 teneri,
835 1065 889 1121 nbi
907 1064 940 1119 in
958 1064 1044 1139 prole
1073 1086 1152 1121 sexus
1186 1102 1188 1139 1

228 1140 336 1199 deesset
360 1140 503 1199 alteruter.
530 1142 590 1199 Nec
610 1140 760 1209 sufficere,
782 1156 817 1195 ut
835 1138 961 1195 sterilem
981 1138 1051 1213 quis
1071 1155 1152 1197 vetu-

226 1212 301 1283 lam,
321 1228 371 1272 aut
390 1216 520 1272 nondum
539 1216 594 1274 viri
632 1228 760 1272 otentem
775 1213 914 1281 duceret,
930 1214 985 1269 nisi
999 1228 1031 1270 et
1045 1216 1167 1271 foecun·¹
1186 1244 1188 1307 q

226 1291 293 1347 dem
312 1290 556 1366 superinduceret.
582 1237 674 1347 Addit
696 1292 755 1347 tes
778 1289 948 1345 Mutinensis
972 1291 1012 1346 de
1038 1294 1152 1347 uiribus
1187 1308 1188 1313 ’

225 1368 380 1425 Hebraicis
398 1370 480 1423 Part.
500 1368 527 1437 4.
549 1367 624 1439 Cap.
645 1384 670 1423 a.
691 1363 743 1423 etsi
783 1378 909 1440 recepto
930 1367 989 1437 jam
1010 1384 1153 1422 memora·

225 1454 273 1508 to,
293 1440 358 1497 satis
377 1442 484 1498 lactum
501 1440 557 1505 sit,
579 1440 682 1515 siquis
700 1384 814 1517 proidm
831 1438 985 1496 masculam
1007 1453 1038 1497 et
1059 1442 1154 1498 femel-

225 1514 284 1570 lam
302 1514 423 1585 babeat,
443 1536 502 1572 non
522 1516 617 1573 miuus
636 1528 733 1571 tamen
751 1514 829 1570 atati
846 1528 876 1571 et
894 1514 1007 1573 viribus
1026 1515 1153 1573 habilem

223 1590 316 1647 teneri
335 1589 373 1649 ad
390 1590 552 1647 habendam
572 1608 694 1647 uxorem
719 1589 853 1646 evitando
877 1590 1083 1647 fornicationis
1105 1613 1153 1667 pe-
1186 1636 1188 1667 j

225 1663 315 1723 riculo
337 1666 502 1735 (nonnulla
519 1665 552 1721 in
569 1663 689 1723 similem
708 1665 877 1722 sententiam
900 1664 989 1723 tradit
1010 1666 1099 1722 Plato
1116 1669 1152 1724 da
1186 1676 1188 1741 j

169 1752 172 1761 ⁴
226 1742 295 1815 Leg.
318 1742 380 1796 lit.
401 1760 443 1797 rr.
465 1740 516 1799 ubi
534 1740 619 1797 etiam
643 1732 774 1796 additur:
792 1767 807 1793 ι
825 1739 983 1796 liberorum
1005 1740 1151 1799 sufficiens
1186 1746 1188 1755 ¹

224 1814 359 1872 minimus
378 1836 514 1873 numerus
532 1834 592 1873 mas
612 1827 641 1871 et
658 1814 810 1871 sumina».
826 1816 972 1873 Ceterum
991 1836 1031 1870 an
1047 1816 1088 1871 ad
1106 1818 1152 1875 su·
1186 1828 1188 1853 ³

225 1890 315 1947 minas
334 1890 420 1947 e'tiam
437 1891 468 1947 id
487 1903 666 1967 praeceptum
683 1890 890 1948 extenderetur
904 1891 980 1948 inter
994 1892 1079 1967 ipsos
1094 1912 1149 1949 non

225 1966 291 2021 satis
310 1966 511 2028 conveniebat.
531 1966 655 2021 Maxime
673 1966 823 2043 probabile
842 1980 896 2034 est,
915 1966 1041 2035 dixisse,
1062 1968 1148 2025 foemi-

224 2058 274 2095 nas
294 2038 331 2093 ad
355 2052 464 2109 certum
488 2041 629 2115 temporis
654 2040 807 2097 terminum
830 2061 891 2099 non
917 2041 1067 2117 obligari,
1087 2062 1148 2099 eum

222 2112 255 2168 in
267 2132 366 2168 earum
379 2112 512 2169 facultate
525 2116 632 2171 nonsit
645 2114 762 2190 quando
777 2116 869 2174 velint
879 2116 1007 2183 nubere,
1025 2137 1149 2175 commo·
1186 2132 1188 2139 '

221 2187 259 2241 da
274 2200 368 2243 tamen
382 2187 546 2245 conditione
561 2210 591 2245 se
601 2191 754 2259 offerente,
765 2189 840 2267 ipsas
854 2211 975 2266 quoque
995 2194 1093 2249 teneri
1107 2214 1150 2269 ge·
1186 2242 1188 2249 .

221 2259 362 2317 notationi
378 2260 510 2317 humanae
523 2263 628 2337 speciei
640 2285 760 2339 operam
775 2266 850 2322 dare.
868 2266 1007 2323 Occurrit
1022 2266 1149 2343 denique

223 2333 302 2411 apud
322 2334 334 2388 i
356 2355 400 2391 sos
419 2333 480 2391 haec
500 2338 663 2393 sententia:
680 2340 884 2416 «quicumque
903 2340 1026 2417 negligit
1044 2362 1148 2418 praece·

219 2422 306 2487 ptum
326 2355 362 2464 <ii
382 2408 621 2495 multiplicatione
638 2416 752 2488 generis
770 2416 890 2471 hnmani
913 2414 1091 2473 babendum
1112 2440 1147 2475 es·
1186 2458 1188 2499 1

218 2504 249 2540 se
267 2482 355 2541 veluti
366 2484 575 2543 homicrdam».
593 2489 631 2543 Et
643 2503 738 2545 tamen
751 2490 831 2566 apud
840 2491 959 2547 Judaeos
972 2492 1147 2549 Essenorunt
1186 2500 1188 2567 j

222 2572 297 2615 secta
309 2560 449 2628 effloruit,
465 2581 530 2635 quae
546 2582 661 2618 omnem
676 2565 856 2622 foeminarum
871 2585 956 2620 usum
971 2569 1148 2639 ejeraverat,
1186 2570 1188 2621 ἑ

220 2634 256 2691 de
270 2655 329 2711 qua
340 2634 405 2691 vide
418 2634 544 2692 Plinium
556 2640 619 2693 Lib.
630 2637 654 2694 5.
668 2640 741 2711 Cap.
760 2660 801 2717 ¹7·
816 2654 845 2697 et
861 2640 996 2696 Solinum
1012 2644 1092 2715 Cap.
1105 2643 1143 2700 38.
1187 2654 1188 2705 ζ

218 2710 393 2769 Plutarchus
411 2710 536 2787 Lycurgi
559 2712 652 2788 legem
669 2714 794 2783 recitat,
814 2728 848 2771 ut
866 2715 978 2771 caelibes
1000 2717 1146 2774 nudarum
1187 2750 1188 2753 =

220 2786 393 2843 certantium
408 2785 568 2861 spectaculo
588 2801 755 2849 arcerentur
770 2832 780 2859 ,
797 2803 828 2847 et
841 2790 917 2847 circa
935 2790 1079 2848 brumam
1094 2792 1146 2850 edi-

219 2873 266 2916 cto
287 2862 504 2937 Magistratuum
524 2860 620 2916 sorum
638 2862 764 2919 vestibus
784 2864 898 2941 spoliati
919 2864 1039 2923 obirent
1061 2868 1147 2925 canti·
1186 2866 1188 2939 i

216 2930 313 2989 lenam
332 2936 362 2990 in
382 2956 410 2992 se
430 2936 615 3011 compositam
633 2937 839 3004 concinentes,
860 2940 962 2997 merito
980 2940 1026 2997 ita
1045 2964 1077 3000 se
1096 2964 1147 3020 pu·
1186 2940 1188 3019 l

218 3007 297 3073 uiri,
313 3010 395 3082 quod
414 3030 474 3071 non
488 3023 625 3086 parerent
643 3012 776 3088 legibus,
790 3014 955 3074 acdemum
969 3016 1145 3085 bonoribus,
1186 3022 1188 3069 t

218 3093 248 3151 et
268 3082 454 3139 observantias
469 3106 557 3159 quarn
571 3088 689 3161 juvenes
703 3090 878 3165 prestabant
891 3090 1010 3147 senibus
1023 3135 1032 3162 ,
1046 3112 1146 3171 exper·
1187 3110 1188 3139 ἓ

218 3164 259 3211 tes
271 3156 377 3211 forent.
394 3158 557 3217 Phoclides:
574 3188 586 3214 a
604 3181 640 3218 ne
651 3182 763 3220 maneas
774 3165 874 3221 caelebs
885 3208 894 3233 ,
906 3185 943 3221 ne
958 3168 1035 3225 forte
1045 3171 1146 3227 obscu-
1186 3144 1188 3197 ¹

215 3248 403 3315 rusflperaas:
426 3233 463 3287 da
482 3235 601 3311 aliquod
621 3252 791 3307 naturas,et
808 3240 893 3316 gigne
913 3241 1146 3311 vicissim,sicut

215 3318 327 3381 gemtus
339 3324 366 3359 es
376 3328 398 3359 ».
414 3306 493 3363 Plato
506 3313 620 3383 deLeg.
631 3316 740 3385 blada
750 3315 878 3371 Uxorem
894 3315 1004 3373 ducere
1018 3320 1142 3395 quisque

215 3382 570 3448 debet‚cumannosbabet
585 3386 778 3464 50,cogitans,
797 3390 878 3465 quod
891 3404 998 3448 natura
1016 3395 1142 3469 quadam
1187 3460 1188 3463 Ἴ

214 3456 373 3513 humanum
388 3474 476 3532 genus
492 3460 706 3531 quodammodo
725 3464 967 3522 immortalitatem
987 3468 1140 3545 consequi-

215 3542 298 3593 tur...
313 3531 396 3593 Nefas
408 3543 504 3591 autem
514 3553 572 3593 csse
586 3537 838 3604 immortalitatem
851 3540 946 3618 ipsum
960 3558 1068 3620 sponte
1079 3544 1143 3623 pri·

1187 3676 1188 3693 t

1186 3704 1188 3727 l

1185 4088 1188 4273 1
