2384 4442
244 491 293 540 oo·
893 502 903 542 r

186 571 311 643 noxius
330 585 396 658 est,
407 595 494 670 quos
511 582 552 641 ut
570 566 761 668 plurimum
772 567 1011 643 sinealiorum
1023 573 1114 644 sub-

186 674 273 746 sidio
292 701 454 773 superare
473 701 547 746 non
566 689 679 770 potest
691 703 699 746 ε
712 672 811 745 senio
831 674 974 746 tandem
985 677 1109 748 confe-

188 795 266 850 ctus
286 777 443 851 eamdem
469 805 509 849 ac
533 776 572 848 in
599 776 746 849 infantia
772 777 899 849 virium
924 778 1112 851 imbecilli·

188 882 553 980 tatem,eemdemque
573 879 773 952 directionis
786 881 1028 954 necessitatem
1048 911 1108 956 ex·
1184 895 1185 900 ’

128 1033 132 1044 -
186 984 330 1082 peritur.
359 986 447 1081 Quae
466 1012 548 1058 sane
573 983 690 1056 omnia
715 985 852 1057 efficere
877 984 1033 1073 debent,
1064 1005 1112 1059 ut
1185 1029 1186 1042 κ

185 1088 310 1177 homo,
332 1106 457 1162 natura
474 1089 547 1187 ipsa
565 1104 747 1177 monente,
757 1088 907 1162 aliorum
920 1089 1115 1161 hominurn

76 1199 86 1214 '
185 1192 391 1266 societatem
404 1193 595 1266 avidissime
620 1208 757 1292 quaerat.
778 1191 885 1268 Unde
904 1193 1027 1265 merito
1048 1192 1110 1266 Li-

187 1295 558 1396 baniusDeclam.19.
578 1296 643 1369 ait:
656 1329 672 1366 α
694 1296 829 1370 Natura
846 1297 1025 1367 hominem
1043 1297 1113 1368 ho·
1185 1379 1186 1384 ἵ

189 1399 278 1472 mini
297 1400 495 1496 adjutorem
506 1417 542 1471 et
560 1399 696 1472 socium
714 1399 791 1471 vitae
811 1398 928 1470 effecit
941 1430 968 1473 ».
981 1399 1025 1472 Et
1037 1400 1109 1472 Pli-

187 1501 269 1573 nius
289 1503 384 1574 Hirr
407 1502 495 1577 Nat.
506 1501 585 1574 Lib.
607 1528 639 1600 9.
655 1502 746 1603 Cap.
757 1501 817 1596 46.
834 1531 842 1576 :
858 1507 876 1570 α’
888 1503 952 1576 Vir
970 1503 1108 1592 virum,

189 1622 224 1676 et
242 1606 331 1676 urbs
344 1621 455 1676 servat
473 1604 608 1676 urbem
628 1604 762 1678 Manus
780 1632 925 1677 manum
940 1605 1052 1690 lavat,
1075 1625 1115 1678 et
1186 1615 1187 1676 T

187 1707 316 1804 digitus
334 1708 491 1806 digitum
507 1707 608 1781 Salus
620 1708 732 1780 omnis
751 1709 794 1779 in
810 1709 909 1781 sociis
925 1741 952 1782 ».
968 1708 1110 1804 Quibus

186 1813 332 1885 omnino
357 1812 514 1886 concinit
542 1811 679 1884 Seneca
709 1812 789 1885 Lib.
820 1816 854 1906 4.
877 1813 921 1884 de
949 1813 1109 1911 Benestc.

190 1915 542 2016 Cup.18.dicens:u
566 1915 648 2011 Quo
672 1915 738 1987 alio
764 1915 831 1986 tuti
855 1916 983 2003 simus,
1004 1941 1111 2015 quam

188 2020 283 2118 qnod
293 2021 424 2092 mutuis
442 2021 603 2117 juvamur
623 2019 766 2092 officiis?
780 2020 849 2091 Fac
862 2047 926 2090 nos
939 2019 1114 2117 singulos:

189 2122 276 2221 quid
295 2122 435 2194 sumus?
454 2121 577 2220 praedae
596 2122 803 2194 animalium·
816 2139 850 2194 et
869 2123 1016 2195 victime
1030 2125 1108 2211 ‚im-

190 2225 388 2298 becillimus
406 2241 441 2297 et
456 2225 640 2298 facillimus
661 2226 808 2323 sanguis.
823 2224 1000 2320 Quoniam
1012 2243 1108 2298 caete-

189 2328 238 2400 ris
265 2329 471 2400 animalibus
490 2328 529 2401 in
548 2329 693 2402 tutelam
712 2329 766 2402 sui
785 2329 863 2402 satis
890 2329 1017 2401 virium
1036 2347 1109 2403 est:
1187 2395 1188 2408 ,

191 2459 432 2532 quecumque·
451 2432 547 2504 enim
575 2459 662 2528 vage
686 2449 905 2520 nascuntur,
930 2451 964 2505 et
992 2452 1115 2505 actura
1187 2431 1188 2438 '

191 2536 300 2607 vitam
318 2563 496 2633 segregem
513 2551 642 2607 armata
656 2553 746 2609 sunt.
760 2535 946 2608 Hominem
957 2537 1123 2608 imbecib

187 2640 265 2712 lites
292 2639 420 2736 cingit:
447 2667 520 2712 non
543 2639 741 2736 unguium,
768 2666 841 2711 non
870 2640 1030 2712 dentium
1061 2641 1115 2712 vis

190 2743 381 2816 terribilem
408 2743 539 2817 caeteris
563 2743 662 2816 facit.
694 2743 842 2816 Nudum
868 2761 902 2815 et
932 2744 1115 2816 infirmum

191 2848 370 2920 hominem
389 2848 533 2920 societas
559 2846 683 2918 munit.
706 2846 860 2919 Societas
882 2845 1017 2918 homini
1036 2847 1117 2918 ani·-

192 2949 336 3021 malium
366 2950 562 3022 dominium
588 2949 693 3021 dedit.
713 3007 721 3022 .
741 3006 775 3021 ..
801 2949 883 3021 Haec
910 2951 1117 3022 morborum

191 3053 341 3149 impetus
360 3053 482 3126 arcuit.
491 3051 681 3124 Senectuti.
693 3052 1114 3152 adminicula-prospexit,

191 3153 311 3226 solatia
330 3170 451 3226 contra
469 3155 625 3228 dolorem
636 3156 752 3230 dedit:
771 3156 852 3228 haec·
865 3158 977 3228 fortes
991 3185 1055 3228 nos
1064 3159 1118 3228 fa-

193 3257 350 3356 cit‚quod
370 3258 460 3330 licet
471 3276 594 3331 contra
613 3260 791 3332 fortunam
803 3260 981 3334 advocare
993 3260 1117 3332 Socie

191 3377 298 3434 tatem
316 3361 424 3448 tolle,
447 3378 484 3432 et
501 3363 679 3436 unitatem
694 3363 829 3478 generis
856 3363 1022 3451 humani,
1043 3391 1118 3461 qua

191 3465 260 3536 uita
278 3466 469 3537 sustinetur
487 3465 674 3539 scindes».
696 3466 793 3560 Quid
811 3447 970 3564 plura?
960 3494 1041 3564 rpsae
1061 3494 1117 3538 sa-

193 3594 259 3640 cnae
277 3569 400 3643 litterae
420 3568 593 3644 clamant·
584 3601 613 3638 s
629 3597 701 3642 non
715 3587 770 3640 est
776 3571 910 3642 bonum
931 3570 1118 3642 bominem

193 3697 264 3744 csse
284 3673 548 3746 solumtmelius
562 3689 613 3745 est
633 3701 704 3746 esse
726 3673 813 3746 duos
830 3701 960 3773 ,quam
972 3700 1123 3768 unum5
