2384 4442
912 458 932 527 7

68 557 215 625 natura,
235 564 312 638 quae
330 562 519 635 nunquam·
529 536 697 609 mentitur
718 564 754 608 ».
775 532 837 607 His
863 550 981 620 autern

67 642 246 739 praemissis
261 697 269 727 ‚
284 641 443 712 homines
459 640 497 711 in
515 639 674 737 primaeva
691 639 745 711 sui
765 633 981 721 conditione,

67 762 219 842 spectata
238 769 360 815 eorum
390 758 513 813 natura
531 741 694 813 describit
719 738 982 841 perfectioribus

66 849 234 946 quidem,
262 872 368 945 quarn
394 863 514 917 caetera
533 844 597 915 alia
617 845 753 939 organis
770 844 983 927 instructos,

69 952 131 1023 sed
158 951 260 1044 longe
290 948 549 1021 imbecilliores.
581 946 841 1035 Nihilominus,
870 968 985 1043 prose·

67 1054 188 1153 quitur
207 1050 408 1140 Rousseau,
430 1083 445 1119 u
460 1053 504 1123 ob
531 1067 721 1146 agrestem,
740 1048 985 1146 duriorcmque

68 1157 106 1229 in
126 1156 355 1241 nemoribus,
376 1172 408 1227 et
429 1154 602 1253 specubus
621 1154 749 1252 absque
769 1152 929 1223 domibus
947 1180 987 1221 ac

68 1259 170 1331 tectis
189 1257 328 1330 vivendi
347 1258 517 1328 rationem
542 1283 710 1351 magnum
729 1255 916 1352 comparati
934 1280 989 1325 ro-

69 1364 163 1449 bur,
184 1378 218 1431 et
238 1360 372 1430 assidua
393 1386 474 1431 eum
491 1360 608 1431 bestiis
626 1359 713 1429 inita
730 1384 874 1455 pugna,
894 1375 934 1427 ut
952 1386 988 1429 se

70 1464 303 1537 defenderent
315 1464 448 1535 feroces
460 1461 721 1559 truculentique
734 1461 851 1532 effecti
868 1459 924 1531 vix
936 1462 989 1531 ul-

71 1568 112 1639 lis
133 1565 274 1639 olmoxii
294 1580 392 1637 erant
418 1565 568 1652 morbis,
599 1564 825 1662 eamdemque
856 1564 1004 1635 roboris-

71 1668 355 1767 constitutionem
372 1668 411 1738 in
430 1667 517 1740 filios
536 1667 837 1739 transfundebant
862 1666 990 1740 Primae

75 1788 191 1843 autem
209 1798 328 1843 eorum
347 1771 564 1869 operationes
588 1795 683 1840 mere
710 1770 885 1840 naturales
913 1772 990 1843 fue·

73 1901 110 1945 re
127 1930 137 1961 ,
157 1874 225 1945 imo
243 1873 415 1953 imitantes
434 1873 498 1972 ipsi
516 1872 706 1945 bestiarum
723 1871 930 1945 industriam
948 1874 991 1945 ad

74 2003 195 2049 eorum
214 1976 419 2049 industriam
437 1992 683 2075 pervenerunt.
712 1974 830 2069 Quare
849 1974 938 2049 nihil
957 2006 995 2049 e·

71 2096 199 2175 gerunt
216 2080 374 2151 homines
393 2080 471 2169 illi,
498 2106 568 2181 quo
599 2106 703 2179 supra
721 2076 898 2149 sensibiles
917 2080 991 2151 ani·
1054 2139 1059 2148 .

68 2180 250 2281 molesque
263 2198 379 2255 motus
398 2198 640 2279 assurgerent;
666 2181 816 2279 ideoque
835 2181 933 2255 nulla
952 2183 990 2255 in

69 2286 118 2357 eis
139 2311 219 2380 erga
238 2284 358 2357 Deum
382 2283 519 2380 Religio
548 2285 638 2372 suit,
665 2284 763 2357 nulla
792 2312 875 2381 ergo
905 2284 992 2359 alios

11 2416 12 2423 ¹
66 2388 229 2460 homines
246 2386 490 2461 benefaciendi
508 2387 687 2475 voluntas,
705 2386 775 2458 nisi
792 2387 989 2461 belluarum

66 2518 165 2563 more
187 2490 230 2561 ad
256 2490 462 2587 explendam
491 2490 700 2577 libidinem,
725 2487 990 2564 nulla'honesti

65 2594 124 2666 vel
143 2593 325 2663 inhonesti
342 2592 420 2663 idea
434 2593 523 2680 ,imo
541 2593 641 2664 nulla
658 2619 799 2690 prorsus
816 2593 894 2663 idea
912 2596 993 2667 uni-

65 2694 235 2779 versalis,
255 2693 375 2763 nullus
394 2719 525 2781 sermo,
543 2693 643 2765 nulla
657 2718 779 2764 rerum
796 2695 993 2767 futurarum

68 2796 217 2883 cura‚in
236 2796 304 2866 hoc
325 2790 462 2867 tanturn
480 2824 499 2868 a
516 2795 635 2868 bestiis
654 2796 881 2883 differentes,
899 2800 993 2896 quod

67 2902 231 2973 libertate
252 2914 392 2971 careant
403 2900 576 2987 ‚homines
594 2926 677 2972 vero
695 2897 747 2969 illi
764 2898 921 2972 libertate
940 2906 994 2975 uti

69 3018 256 3101 poterant,
288 3019 322 3073 et
341 3003 416 3075 lieri
434 3003 576 3075 rationis
602 3018 800 3099 compotes,
826 3004 921 3101 quod
939 3022 1015 3080 ta·.

71 3134 158 3177 men
174 3105 317 3179 nonnisi
335 3122 412 3204 post
429 3107 539 3179 multa
558 3106 683 3180 saecula
700 3106 816 3179 evenit
827 3138 859 3178 u.
884 3106 990 3182 Hunc

72 3226 190 3281 autem
207 3209 391 3282 hominum
410 3224 538 3281 statum
556 3210 600 3281 ad
618 3212 802 3282 brutorum
820 3211 1010 3284 conditio-x

69 3337 157 3385 nem
175 3310 352 3407 dejectum
369 3340 443 3385 non
461 3313 564 3385 modo
584 3312 717 3387 extollit
735 3329 769 3385 et
787 3312 905 3384 sociali
923 3331 989 3385 sta-

68 3414 129 3485 tui
151 3416 320 3507 praefert,
351 3415 657 3516 optabilioremque
685 3444 757 3487 esse
788 3416 897 3501 dicit,
927 3417 988 3489 sed

70 3518 152 3614 ejus
180 3518 514 3611 perfectibilitatem,
542 3536 581 3592 ut
607 3536 706 3590 vocat
733 3546 795 3590 seu
822 3519 989 3615 capacita-

11 3674 12 3710 3
68 3638 145 3693 tem
164 3620 395 3693 transeundis
413 3625 502 3695 s'tatu
514 3620 790 3721 illostupiditatis
801 3620 846 3693 ad
863 3637 990 3701 statum
