2384 4442
311 394 380 485 142

254 497 313 597 qui
331 516 475 565 manum
502 492 698 584 comburit3
729 493 778 564 sic
805 492 905 565 facile
934 509 1051 591 potest
1076 520 1156 565 com

250 599 398 697 primcre
417 594 569 667 minores
588 594 785 713 passiones,
811 596 964 669 sednon
982 596 1156 668 vehemen-

250 700 381 785 tiores,
408 696 464 769 vel
478 696 676 814 Msortiores,
714 698 782 769 nisi
810 715 997 797 postquam
1021 726 1153 771 commo

250 803 301 875 tio
326 799 529 897 sanguinis,
557 816 591 871 et
618 799 804 897 spirituum
832 801 948 873 sedata
983 802 1101 874 suerit.
1121 800 1156 873 td

252 921 370 976 tamen
389 903 568 1001 subjungit
590 901 711 977 Gerdil
740 902 818 975 loco
837 903 966 990 citato,
997 905 1097 1002 quod
1112 930 1159 976 ro

250 1006 367 1079 luntas
395 1007 507 1077 facere
534 1020 648 1105 potest
665 1032 705 1076 ea
732 1005 870 1102 vigente
903 1008 1160 1092 conunotione,

253 1126 404 1181 estnon
435 1107 631 1181 consentire
658 1107 751 1179 illius
780 1108 985 1195 effectibus,
1014 1126 1053 1179 et
1081 1109 1162 1181 cobi-

250 1212 333 1283 bere
370 1209 536 1307 plurimos
564 1238 606 1283 ex
635 1210 786 1283 motibus
815 1210 860 1281 ad
889 1238 975 1309 quos
1015 1211 1163 1311 disponit

253 1341 377 1411 corpus
401 1342 411 1405 3
432 1340 482 1385 ex.
503 1340 549 1409 gr.
573 1313 602 1383 si
619 1313 671 1383 ira
697 1313 848 1400 efficiat,
885 1328 926 1384 ut
951 1338 1082 1385 manus
1109 1315 1162 1386 eri·

252 1433 351 1511 gatur
379 1414 422 1487 ad
451 1414 743 1513 percutiendum,
769 1416 927 1487 voluntas
954 1442 1030 1487 eam
1064 1417 1186 1489 conti-r

251 1546 335 1591 nere
361 1533 474 1615 potest
501 1572 510 1604 ,
547 1544 592 1589 ne
621 1518 814 1616 percutiat:
853 1518 882 1588 si
909 1534 1022 1589 metus
1045 1520 1164 1591 incitet

252 1646 354 1692 crura
380 1618 423 1691 ad
450 1622 569 1715 fugam
595 1621 860 1718 capessendam,
885 1620 944 1691 illa
966 1619 1091 1694 sistere
1111 1649 1162 1720 po-

250 1738 317 1794 test
346 1722 526 1810 voluntas,
552 1740 587 1795 et
613 1724 661 1795 sic
692 1723 735 1793 de
763 1722 904 1795 caeteris.
935 1723 1060 1795 Potest
1086 1753 1165 1823 prat⁴

254 1840 349 1897 terea
383 1826 453 1897 imo
488 1826 591 1899 debet
625 1826 761 1897 animus
791 1852 930 1897 omnem
959 1826 1032 1896 rim
1073 1854 1166 1899 suam

251 1927 458 2016 intendere,
488 1946 528 1999 ut
565 1928 609 2004 ad
636 1928 716 2000 alias
752 1928 969 2026 maximeque
1014 1928 1163 2002 diversas

200 2092 202 2095 .
252 2030 476 2123 cogitationes
502 2046 616 2103 totum
644 2059 680 2102 se
700 2047 895 2119 convertat,
916 2032 954 2103 in
973 2031 1101 2131 hisque
1120 2050 1166 2104 at·

250 2131 444 2201 tentionem
468 2159 565 2202 suam
590 2133 694 2230 plane
720 2135 855 2229 defigat.
874 2134 945 2232 ,Sic
973 2136 1070 2207 enim
1104 2163 1166 2206 no-

178 2252 183 2263 '
250 2232 299 2303 vis
327 2233 572 2305 accedentibus
604 2237 892 2331 cogitationibus,
918 2238 1088 2333 languere
1114 2239 1166 2309 in·

251 2334 355 2432 cipiet
373 2336 538 2433 passionis
557 2338 726 2435 impetus,
745 2368 785 2413 ac
804 2340 946 2412 tandem
963 2341 1114 2416 desinet.

540 2541 858 2619 CAPUTII.

301 2751 361 2826 De
392 2750 645 2824 Humanarum
668 2748 877 2851 Affictnum
896 2752 1115 2831 Partitione.
1185 2805 1186 2836 ι

1185 2889 1186 2922 i

352 2958 387 3049 S
409 2954 440 3029 5.
468 2953 645 3029 Undecim
670 2953 773 3050 vulgo
793 2972 1024 3027 numerantur
1043 2959 1166 3055 praeci

246 3056 309 3152 pui
338 3056 483 3129 humani
502 3059 669 3145 affectus,
700 3086 762 3129 seu
781 3060 977 3157 passiones,
1008 3087 1186 3162 quarum

246 3174 335 3243 tres,
362 3186 491 3256 nempe
516 3188 644 3249 amor,
668 3161 898 3249 desiderium,
929 3179 964 3232 et
993 3164 1186 3259 gaudium

175 3288 182 3293 ·
246 3260 338 3332 eirca
356 3260 489 3333 bonum
508 3265 647 3359 praecise
659 3281 860 3359 versantur3
880 3264 1039 3363 quinque
1063 3295 1163 3350 nem-

246 3392 309 3463 pe,
330 3363 468 3451 odium,
487 3366 591 3461 fuga,
619 3368 775 3455 tristitia,
804 3368 929 3456 timor,
942 3385 977 3439 et
1006 3369 1059 3441 ira
1075 3399 1163 3468 prae-

247 3469 314 3540 eise
346 3468 436 3541 circa
459 3420 615 3563 inalum3
606 3487 701 3543 ·tres
731 3470 874 3571 reliquae
893 3499 1046 3570 nempe,
1066 3503 1161 3572 spes,
